1813 3266
185 208 223 235 38
681 206 899 239 CARMINA
924 208 1033 242 'LAT.
1068 208 1225 244 EPIGR.

261 337 366 380 CIL.
398 339 458 375 IV
485 337 589 389 6761
619 338 751 376 deser.
780 340 893 376 Mau.
1062 338 1257 389 Pompeis
1282 339 1459 390 graphio
1485 340 1713 391 scriptum.

176 395 353 435 {uerunt
375 396 461 435 duo
484 395 722 436 hexametri
743 398 807 436 uel
831 396 1056 436 distichon.
1078 397 1188 436 infra
1209 398 1315 437 alius
1334 399 1582 450 subscripsit
1605 403 1712 450 pau·

175 467 240 494 ca.

261 526 284 553 2
311 515 468 553 indicio
496 516 563 553 uel
590 515 758 554 iudicio.
787 515 870 554 alia
900 528 1029 554 manu
1055 516 1167 554 hunc
1192 528 1361 555 uersum
1386 517 1593 568 seriptum
1618 530 1710 556 esse

170 580 299 612 notat
337 576 449 613 Mau.
540 581 667 614 estne
697 581 919 625 sumptum
950 587 972 613 e
1006 582 1134 628 poeta
1167 577 1373 627 quodam?

900 682 982 726 128

173 775 238 820 Et
262 776 445 829 gelidae
473 790 612 818 eursu
640 778 646 831 1
675 777 936 818 minuerunt
961 791 1174 833 quaerere
1197 777 1411 831 silua(m).

257 917 360 959 CIL.
394 919 456 956 lv
486 917 595 969 6768
624 918 753 957 deser.
782 920 894 957 Mau.
1062 917 1257 968 Pompeis
1283 918 1457 969 graphio
1484 919 1703 970 scriptum.

171 976 219 1014 in
249 976 335 1015 fine
365 989 515 1015 uersus
537 976 634 1015 dedi
652 990 760 1028 quae
774 976 943 1016 exhibet
962 977 1156 1027 Sogliano
1174 980 1274 1016 Not.
1294 978 1333 1016 d.
1353 991 1408 1017 sc.
1431 988 1531 1029 1905
1551 991 1591 1029 p.
1616 988 1704 1027 135.

172 1036 295 1074 minu
319 1034 432 1086 na(?)
465 1049 548 1074 non
577 1037 765 1088 quatiunt
794 1036 923 1075 solum
957 1039 1068 1075 Mau.
1155 1037 1209 1075 ad
1238 1037 1419 1075 minuere
1453 1057 1494 1070 z
1525 1038 1705 1076 desinere

170 1107 273 1133 eum
322 1094 540 1134 infinitiuo
590 1094 783 1134 iunctum
828 1095 1010 1134 eontulit
1058 1095 1253 1146 Sogliano
1301 1098 1466 1138 Lucret.
1498 1099 1557 1142 II,
1601 1108 1708 1147 1029

170 1153 367 1193 minuant
414 1154 616 1201 mirarier,
673 1167 757 1205 quo
802 1155 892 1193 loeo
934 1155 1180 1197 Lachmann
1224 1154 1401 1194 coniecit
1446 1156 1616 1195 mittant.

171 1214 373 1252 miserunt
400 1213 481 1264 legi
510 1227 631 1264 posse
657 1213 789 1253 credit
816 1213 936 1253 Wiek
962 1213 1055 1253 Atti
1082 1214 1190 1253 della
1216 1215 1323 1253 reale
1350 1215 1490 1254 aeead.
1520 1215 1562 1254 di
1588 1216 1700 1255 arch.

170 1272 218 1311 di
238 1272 394 1323 Napoli
420 1274 528 1324 1908
549 1286 589 1324 p.
612 1284 702 1323 213.
788 1273 965 1312 forsitan
994 1279 1190 1324 sumptus
1209 1273 1263 1313 sit
1284 1273 1351 1312 hie
1371 1287 1515 1313 uersus
1535 1288 1557 1313 e
1576 1281 1713 1325 poeta,

171 1332 372 1382 quodam.

900 1452 984 1495 129

167 1533 337 1589 Escipe
367 1550 460 1589 que
492 1535 694 1578 ferimus!
758 1535 906 1577 felicia
938 1549 1125 1577 munera
1155 1534 1341 1589 Libe(r).

167 1659 181 1678 ³
251 1666 361 1707 CIL.
388 1666 506 1703 XIII
535 1664 700 1703 1001882
725 1664 854 1703 deser.
882 1664 1015 1702 Bohn.
1185 1663 1381 1703 Coloniae
1403 1676 1488 1714 rep.
1515 1665 1707 1714 ampulla

171 1739 227 1764 ex
260 1731 376 1763 terra
411 1724 602 1774 sigillata
634 1735 742 1774 quae
776 1723 931 1762 dieitur
963 1723 1090 1761 facta.
1151 1724 1260 1761 collo
1292 1729 1485 1773 protome
1520 1722 1707 1762 mulieris

176 1783 313 1823 affixa
342 1788 422 1823 est.
513 1788 610 1834 post
640 1783 737 1821 Libe
765 1783 889 1821 hasta
916 1795 993 1832 pro
1021 1782 1139 1831 signo
1168 1781 1522 1833 interpunctionis
1550 1782 1703 1833 posita.

168 1843 369 1894 sequitur
400 1847 505 1881 utere
533 1842 643 1891 felix.

257 1902 316 1941 sic
342 1907 461 1940 reete
489 1903 739 1941 Mommsen.
795 1900 945 1951 Libe(r)
973 1900 1060 1939 scil.
1089 1900 1258 1950 praebet.
1344 1900 1488 1950 escipe‚
1515 1913 1589 1953 que
1612 1900 1709 1950 feri·

173 1975 278 2007 mus,
311 1961 461 2010 felicia
498 1973 668 2000 munera
700 1959 868 2010 Libe(ri)
905 1965 1040 1998 metro
1069 1960 1291 1998 laborante
1322 1959 1544 2010 proposuit
1585 1960 1709 1998 Bohn

166 2033 430 2072 comparans
471 2022 576 2059 Hor.
610 2020 743 2060 Carm.
777 2019 850 2064 IV,
884 2019 1013 2068 15,26.
1045 2018 1208 2057 confert
1237 2018 1350 2058 idem
1374 2021 1499 2058 Mart,
1524 2020 1709 2071 X111,9;

168 2082 293 2126 XIV,
323 2081 390 2131 89.
487 2079 514 2118 i.
547 2078 695 2130 excipe
724 2091 847 2130 quae.

900 2220 981 2262 130

170 2282 328 2324 Vincit
361 2296 465 2323 amu

258 2412 363 2453 CIL.
400 2413 460 2449 IV
493 2410 603 2460 3681
633 2411 763 2449 deser.
796 2411 908 2448 Mau.
1079 2408 1274 2460 Pompeis
1295 2410 1434 2448 colore
1465 2409 1562 2447 albo
1580 2408 1708 2459 serip-

173 2476 285 2510 tum.
376 2470 400 2508 i.
438 2484 472 2509 e.
513 2470 643 2509 uincit
676 2482 802 2515 amor,
837 2468 1125 2519 fragmentum
1158 2467 1407 2513 hexametri,
1444 2467 1623 2507 forsitan
1656 2480 1717 2507 ex.

174 2531 297 2579 Verg.
340 2532 416 2568 ecl.
461 2531 516 2575 X,
557 2529 609 2580 69
648 2533 883 2579 sumptum.

897 2666 982 2712 131·

172 2755 246 2799 Sit
278 2754 362 2796 tibi
397 2754 495 2796 felic
555 2788 564 2796 .

262 2860 432 2901 CILJV
476 2869 581 2910 3579
629 2859 759 2898 deser.
810 2861 923 2897 Mau-
1109 2857 1315 2909 Pompeis.
1364 2857 1705 2908 suprascriptum

181 2919 338 2959 Valeri.
