1813 3266
570 263 779 295 DACTYLI
812 263 1039 296 ELEGIACI
1503 266 1518 291 1
1525 266 1562 292 03

125 395 227 437 CIL.
253 397 321 433 ΙΙΙ
347 406 461 445 1391.
549 395 632 436 AL.
659 393 937 433 Cholodniaki
959 394 1048 442 318.
1218 393 1455 443 fragmenta
1478 393 1560 431 duo

45 467 129 505 rep.
167 453 373 492 Kemend.
459 452 675 503 suppleuit
710 452 984 491 Cholodniak.

761 582 843 633 318

44 676 125 726 Tu,
155 679 168 731 ]
201 678 276 731 quj
304 678 463 731 cu[rris
490 677 576 718 iter
602 691 755 730 gressu
782 684 1067 731 properante,
1097 677 1260 722 uiator,

275 749 347 801 ad]
377 748 550 801 trist[es
575 748 776 789 tumulos
801 748 935 789 flecte
960 754 1148 801 rogante
1176 748 1338 801 pedem

363 833 452 873 pen

364 904 409 930 m

122 1017 223 1059 CIL.
263 1019 305 1054 X
342 1017 418 1068 762
458 1017 587 1055 deser.
629 1018 911 1066 Kluegmann.
1000 1017 1082 1058 AL.
1123 1015 1401 1055 Cholodniaki
1441 1015 1555 1054 1268.

201 1076 403 1115 Surrenti.
490 1089 659 1114 carmen
701 1075 961 1124 dactylicum
1003 1075 1130 1113 fuisse
1173 1081 1361 1125 apparet.
1433 1087 1559 1124 supp-

38 1136 227 1173 lementa
256 1135 434 1185 adposui
464 1135 754 1174 Cholodniaki.

120 1630 220 1671 CIL.
248 1631 307 1667 VI
331 1629 461 1680 33675
488 1629 617 1667 descr.
645 1629 777 1667 Gatti.
866 1629 948 1671 AL.
977 1627 1255 1669 Cholodniaki
1282 1639 1382 1679 1357
1407 1642 1443 1677 g.

95 1691 254 1727 Romae
278 1687 576 1737 fragmentum.
604 1695 841 1726 ceterorum
859 1688 1195 1737 fragmentorum
1226 1687 1381 1736 legitur
1405 1688 1446 1725 in
1472 1700 1556 1725 uno

41 1780 46 1785 .
109 1780 115 1786 .
149 1747 339 1786 Bzsslz'enns
361 1780 366 1785 .
430 1780 435 1785 .
455 1747 581 1797 plzens
600 1780 606 1785 .
670 1779 675 1784 .
694 1747 749 1785 lib
769 1780 773 1785 .
797 1747 915 1797 [nix]
934 1747 1057 1785 (mnis
1074 1747 1156 1789 IX,
1174 1746 1217 1784 in
1234 1748 1367 1784 altero
1387 1779 1391 1784 .
1446 1779 1451 1784 .
1471 1747 1556 1785 {lad

112 1839 117 1845 .
155 1807 265 1845 ossz'd
301 1839 306 1844 .
371 1839 376 1844 .

121 1877 139 1903 1
175 1898 181 1903 .
245 1898 250 1903 .
314 1897 319 1902 .
353 1865 451 1916 qnid
481 1868 568 1915 pote
598 1865 778 1912 flebilius
864 1877 884 1903 2
917 1868 1049 1915 parua
1083 1865 1208 1903 nimis
1238 1865 1393 1912 fructus
1424 1865 1555 1912 fuerat

38 1925 108 1976 qui
129 1927 308 1974 tempora
394 1935 416 1972 3
442 1926 524 1962 ἷαυηΥ
544 1925 649 1962 cinis
673 1924 716 1962 in
735 1924 889 1962 tumulo
910 1924 1096 1962 conditur
1116 1925 1203 1973 ipse
1226 1923 1346 1961 miser
1366 1923 1553 1973 expleuit

39 1983 312 2022 Cholodniak.

754 2123 836 2163 320

39 2210 224 2248 Pectore
259 2207 353 2260 qu[i
388 2207 505 2248 uixit
538 2222 713 2261 semper
746 2222 950 2261 puroque
982 2209 1161 2261 pioque,

208 2278 280 2319 hic
310 2278 423 2319 situs
486 2280 570 2331 [est
601 2279 791 2327 tumulo,
827 2279 1021 2320 molliter
1052 2293 1152 2320 ossa
1183 2279 1363 2320 cubent.

118 2404 405 2455 fragmentum
423 2419 704 2445 marmoreum
725 2409 883 2445 Romae
902 2407 954 2445 ab
974 2406 1214 2457 antiquario
1233 2407 1419 2456 quodam
1437 2419 1551 2455 emp-

34 2468 130 2502 tum
162 2469 282 2502 extat
318 2464 552 2516 Gotoburgi
587 2466 701 2515 apud
719 2465 949 2504 Vilelmum
969 2466 1238 2507 Lundstrom.

121 2523 174 2561 ab
214 2528 334 2573 parte
360 2524 570 2573 superiore
596 2530 637 2562 et
665 2524 815 2562 dextra
841 2524 1000 2563 fractus
1026 2530 1088 2562 est
1114 2524 1232 2573 lapis
1261 2537 1475 2574 superesse
1502 2537 1552 2561 ex

36 2580 217 2620 disticho
255 2589 442 2631 apparet.
528 2582 722 2632 suppleui

122 2652 143 2679 2
166 2654 229 2678 ex.
258 2643 324 2678 uel
351 2641 403 2678 sit
424 2641 498 2679 tibi
519 2646 622 2679 lewa
643 2642 758 2680 leuis.

749 2794 830 2834 321

557 2878 746 2919 consiste
777 2879 836 2932 ui]
845 2884 942 2919 ator

819 2963 870 2990 us
