1845 3256
434 181 659 212 SATURNH
814 180 953 209 IAMBI
992 179 1186 209 SENARII
1552 178 1568 203 3

791 317 816 358 7

55 404 101 442 Μ
135 435 142 442 .
209 435 215 441 .
285 400 543 453 ῐΡειιι[51;ι15]ξ
588 399 663 452 qui
702 400 906 452 uocatur!
948 399 1277 440 Armentarius.

135 529 235 570 CIL.
263 529 325 566 IV
347 538 451 577 4379
478 527 607 565 deser.
662 528 773 565 Mau.
943 526 1137 575 Pompeis
1160 525 1204 564 in
1228 527 1389 565 tabella
1415 534 1565 566 ansata

52 587 226 639 graphio
259 586 475 635 scriptum.
561 584 741 623 forsitan
773 584 899 623 fuerit
933 585 1132 623 senarius

130 646 186 687 in.
220 645 354 695 Astur]
388 646 499 683 Mau.

794 775 818 815 8

50 872 241 912 Fructus
280 884 384 910 cum
424 868 589 910 Raecio
630 868 898 921 Guttaq(ue)
943 874 1126 921 agentes
1164 870 1348 922 gratias.

130 999 230 1039 CIL.
253 999 313 1035 IV
331 1008 436 1047 3539
457 997 586 1034 descr.
608 998 719 1034 Man.
889 996 1084 1046 Pompeis
1102 996 1278 1046 pictum.
1353 999 1563 1037 senarium

46 1062 152 1108 puto
187 1069 271 1094 uno
305 1056 412 1105 pede
448 1055 750 1093 abundantem.
790 1068 986 1093 numeros
1021 1055 1054 1093 si
1090 1055 1154 1093 uis
1189 1057 1423 1097 restituere.
1460 1059 1564 1096 tolle

47 1120 216 1166 agentes.

127 1174 313 1217 Fructus,
334 1173 521 1217 Raecius,
543 1173 660 1211 Gutta
680 1173 853 1211 nomina
870 1173 1052 1223 propria,
1073 1180 1120 1211 ut
1138 1181 1248 1212 recte
1267 1181 1442 1213 monent
1461 1177 1562 1213 Min

47 1233 146 1274 CIL.
170 1234 231 1270 IV
251 1232 345 1270 add.
369 1245 408 1281 p.
433 1243 523 1282 704.
547 1233 737 1269 Heraeus
758 1232 1052 1270 Wochenschr.
1076 1231 1103 1270 f.
1127 1233 1252 1271 klass.
1278 1233 1429 1272 Philol.
1455 1245 1560 1285 1910

46 1305 86 1342 p.
111 1303 199 1341 234.
224 1291 321 1329 uide
340 1290 499 1329 indices
521 1290 621 1332 CIL.
646 1291 728 1329 uol.
753 1292 814 1328 IV
834 1296 875 1328 et
898 1292 951 1328 X.
1038 1290 1181 1341 inepte
1203 1291 1323 1330 Wiek
1338 1292 1436 1330 Atti
1449 1293 1562 1331 della

52 1351 162 1389 reale
179 1350 318 1388 accad.
339 1349 381 1388 di
398 1350 508 1388 arch.
529 1348 571 1387 di
587 1348 742 1399 Napoli
760 1350 863 1400 1908
879 1363 919 1399 p.
940 1361 1029 1399 214:
1051 1363 1134 1395 »an‚
1153 1350 1187 1388 si
1205 1364 1296 1389 cum
1311 1364 1412 1390 cum
1429 1352 1560 1390 uerbo

48 1409 220 1447 alterius
239 1421 384 1447 uersus
403 1408 597 1446 iunctum
616 1407 698 1446 fuit
720 1414 761 1446 et
783 1409 912 1446 raecio
933 1421 1008 1459 pro
1030 1409 1135 1459 regio
1156 1409 1363 1460 scriptum
1385 1418 1464 1455 est,
1486 1424 1561 1461 po-

48 1474 118 1507 eta
149 1467 251 1506 mire
281 1467 454 1505 insanus
485 1466 740 1517 significauit
774 1467 985 1517 regionem
1016 1467 1245 1513 fructuum,
1280 1470 1319 1507 h.
1346 1483 1379 1508 e.
1394 1469 1560 1508 fructus

48 1527 278 1577 pendentes
308 1533 349 1564 et
381 1533 526 1576 guttas
557 1540 609 1564 ex
640 1527 838 1565 arborum
868 1526 979 1564 foliis
1009 1528 1208 1566 cadentes
1239 1529 1368 1567 humo
1399 1527 1561 1578 gratias

50 1599 168 1636 agere
191 1585 366 1624 uidem»

792 1728 816 1771 9

49 1809 132 1862 Qui
161 1809 305 1850 uitam
332 1809 511 1863 spernit.
543 1809 679 1863 facile!
712 1815 967 1851 contemnet
997 1811 1066 1852 dei

127 2008 228 2049 CIL.
257 2010 317 2046 IV
344 2018 461 2059 5370.
631 2008 827 2058 Pompeis
853 2009 1029 2059 graphio
1055 2010 1274 2061 scriptum.
1334 2026 1441 2062 quae
1460 2020 1556 2063 post

45 2065 110 2103 dez·
148 2073 384 2116 sequuntur
421 2067 502 2117 leg'.
543 2081 627 2105 non
666 2074 859 2117 possunt.

774 2246 825 2275 10

44 2326 274 2366 Romanus
296 2326 400 2367 olim
422 2327 559 2380 palim
583 2341 741 2369 aurum
764 2342 844 2382 pro
866 2328 1033 2370 ferrum
1056 2330 1282 2384 dedica(t).

151 2453 251 2494 CIL.
292 2455 352 2491 IV
379 2454 484 2504 4603
509 2455 639 2494 deser.
679 2458 780 2494 Mau
796 2462 839 2495 et
861 2457 1186 2507 Zangemeister.
1357 2460 1556 2511 Pompeis

40 2510 216 2560 graphio
251 2512 468 2562 scriptum.
576 2514 707 2564 palz'm
752 2529 948 2555 numeros
975 2518 1154 2556 excedit.
1264 2517 1473 2569 intellege:
1512 2526 1553 2558 et

40 2568 141 2607 olim
177 2577 217 2608 et
256 2568 387 2609 πάλιν.
493 2575 566 2622 pro
603 2573 755 2621 serrum
777 2573 829 2613 cf.
856 2574 978 2613 Diehl
1005 2576 1055 2614 de
1079 2589 1117 2614 m
1141 2576 1259 2614 finali
1283 2577 1410 2627 epigr.
1436 2591 1476 2628 p.
1502 2578 1554 2628 46

39 2640 130 2677 sqq.

769 2775 818 2804 11

39 2852 151 2895 Cum
183 2852 367 2908 quidam
398 2867 569 2908 pauper
