1845 3256
418 206 654 238 TROCHAEI
694 206 977 239 SEPTENARII
1097 207 1301 239 DIMETRI

176 346 193 372 1
218 334 272 372 ad
291 331 535 371 trimetrum
553 331 820 370 trochaicum
847 332 978 382 redigi
1005 340 1145 382 potest
1179 333 1316 371 multis
1337 333 1461 371 annis
1492 334 1608 372 uiuat

92 392 276 445 quisquis
313 391 473 429 dixerit.
622 402 644 428 2
684 391 945 441 pentapodia
982 391 1212 430 trochaica.
1306 392 1466 442 Arpagz'
1506 405 1608 432 num

91 454 246 494 blanda
280 449 536 501 appellatio?
572 462 756 499 namque
788 457 878 489 erat
914 464 1067 489 nomen
1100 450 1291 489 defuncti
1320 451 1383 489 M.
1410 451 1606 488 Aurelius

94 510 333 549 Faustinus,

817 642 870 695 89

94 747 231 788 Viuas
268 747 377 788 felix
414 747 585 802 miultis
624 748 764 789 annis.

171 875 271 917 CIL.
304 877 417 913 XIII
450 875 629 925 1002492.
799 878 951 913 anulus
982 887 1132 913 aureus
1161 879 1358 924 pertusus
1388 887 1471 924 rep.
1506 874 1609 915 Cha-

95 935 178 972 lon.
208 934 318 972 inter
345 935 511 984 singula
539 936 668 973 uerba
696 940 737 972 et
766 940 862 985 post
891 933 1091 972 ultimum
1119 934 1284 971 hedera.

820 1124 873 1166 90

96 1217 178 1258 His
211 1223 319 1271 opto
356 1220 360 1272 J
396 1223 563 1259 terram
594 1219 752 1260 leuem.

175 1346 276 1387 CIL.
308 1347 377 1383 III
406 1346 511 1395 4263
541 1347 670 1384 deser.
703 1349 950 1385 Mommsen.
1038 1347 1121 1388 AL.
1155 1345 1432 1386 Cholodniaki
1461 1345 1552 1396 674.

200 1417 284 1454 rep.
315 1404 433 1443 Stein
463 1418 531 1443 arn
560 1407 713 1443 Briickl
744 1412 863 1444 extat
888 1405 1154 1456 Oedenburgi
1174 1405 1217 1443 in
1239 1404 1471 1455 gymnasio.
1491 1418 1610 1454 prae-

92 1462 297 1513 scriptum
308 1463 353 1501 L.
370 1462 637 1514 Sempronius
657 1465 902 1503 Catnmarns
920 1466 1154 1514 anwormn)
1175 1464 1221 1507 L,
1244 1464 1322 1513 [L]
1344 1464 1611 1514 Sempronius

96 1522 234 1560 Iustus
259 1522 493 1572 an(⁷zorum)
522 1524 608 1561 XX
633 1524 730 1573 Mic)
759 1525 861 1574 s(it1?)
890 1525 1031 1574 s(mzt).
1060 1524 1305 1574 Sempronia
1332 1523 1447 1561 Catta.
1473 1522 1608 1572 κῦμα)

93 1581 171 1619 sibi
200 1585 233 1619 et
262 1581 425 1631 coniugi
458 1584 519 1628 [et]
548 1583 640 1630 silio
669 1584 788 1633 posit.

820 1762 871 1804 91

92 1853 252 1895 Vitalis
288 1855 417 1896 haue!

90 1925 167 1965 sed
198 1930 263 1973 tu,
299 1925 503 1978 quisquis
534 1941 579 1967 es
643 1961 650 1967 .
719 1962 725 1967 .

177 2050 279 2092 CIL.
311 2052 377 2088 XI
423 2051 540 2102 5569.
709 2050 850 2089 Assisi.
882 2051 1170 2101 subscriptum
1201 2084 1206 2090 .
1270 2084 1275 2089 .
1308 2064 1346 2089 rs
1374 2052 1466 2100 silio
1496 2054 1609 2103 pien-

93 2109 264 2148 tissimo,

171 2179 192 2206 2
215 2167 297 2206 fuit
319 2168 408 2207 sine
433 2169 561 2207 dubio
583 2168 761 2207 dimeter
782 2169 1022 2208 trochaicus
1044 2170 1111 2208 sed
1131 2175 1188 2214 ιιι,
1212 2170 1396 2221 quisquis
1418 2183 1470 2215 es,
1495 2171 1601 2215 nale,

92 2225 143 2264 cf.
182 2227 281 2269 CIL.
321 2229 385 2265 XI
421 2228 538 2278 6545.
600 2229 702 2271 CIL.
740 2230 777 2267 V
806 2229 911 2280 8699
945 2233 979 2267 et
1011 2234 1067 2271 tu,
1107 2230 1292 2283 quisquis
1324 2241 1377 2274 es,
1413 2231 1516 2270 παῖε.

818 2418 871 2460 92

95 2509 178 2548 Pro
227 2509 433 2564 termiflno
483 2510 644 2551 doloris
691 2512 695 2566 ἶ

95 2577 265 2619 arulam
298 2578 471 2634 dedelre
505 2581 650 2622 sacris.

176 2706 284 2744 Bull.
317 2705 495 2745 archeol.
518 2708 574 2745 du
593 2708 748 2748 comite
770 2710 872 2760 1897
891 2722 931 2760 p.
954 2710 1033 2759 384
1051 2711 1116 2749 ed.
1139 2710 1360 2748 Gauckler.
1528 2709 1612 2759 cip-

92 2776 170 2812 pus
216 2777 301 2814 rep.
350 2764 734 2806 Henchir-el-Oust.
760 2768 1083 2818 praescriptum.
1119 2801 1126 2807 .
1163 2801 1168 2807 .
1202 2782 1241 2808 se
1267 2800 1609 2808 .........

91 2823 168 2861 trio
200 2836 228 2862 u
261 2855 266 2862 .
306 2856 312 2863 .
346 2827 544 2875 parentes,
572 2825 765 2875 sequitur
792 2827 885 2865 anis
914 2827 1037 2865 XIII
1066 2828 1184 2866 uixit.
1314 2826 1436 2865 initio
1465 2839 1613 2865 uersus

97 2879 245 2930 prioris
265 2881 299 2919 si
321 2882 454 2919 addas
475 2882 590 2928 hanc,
614 2884 782 2924 dimetri
801 2885 1019 2925 trochaici.
