1813 3266
159 206 219 232 120
650 204 865 236 CARMINA
900 207 1000 239 LAT.
1040 207 1194 238 EPIGR.

157 340 300 389 atque
326 336 534 377 onmium
561 338 729 378 damna
753 345 991 392 pastorum
1018 344 1163 380 morte
1188 346 1448 393 patescunt,

274 421 382 448 cum
414 407 497 449 sibi
539 408 720 451 sublata
757 410 950 462 mystica
984 410 1107 450 dicta
1138 409 1302 451 ferunt.

106 485 130 516 5
156 482 201 517 et
228 477 439 529 geminae
467 478 666 529 genuina
692 479 835 533 plebis
862 481 1063 521 lamenta
1090 481 1328 531 resultant,

277 563 379 589 cum
414 548 536 589 soliti
570 555 729 603 pastus
762 553 979 602 dogmata
1011 557 1173 592 sancta
1205 553 1384 598 docent,

154 633 247 672 quo
285 621 455 672 probat
495 620 713 662 amissum
750 623 1025 676 populorum
1064 628 1248 675 pectore
1287 624 1561 679 planctu(m)

272 691 358 730 lieu
391 692 531 731 decus
560 693 647 733 heu
676 692 880 742 nimium,
912 692 1165 742 Aureliane,
1197 699 1331 735 tuum

151 760 361 813 pontifici
397 761 518 802 claro
552 762 730 805 fulsisse
763 766 978 815 dogmate
1011 764 1152 813 cultu,

82 840 127 869 10
271 846 377 872 cuin
403 847 494 886 quo
521 834 678 875 Arelas
704 834 839 887 digno
866 849 1051 876 munere
1076 835 1196 876 laeta
1222 835 1325 877 fuit.

149 904 231 943 sed
260 902 437 944 animas
465 910 627 946 sancta
654 905 853 959 eripiunt
881 905 1109 946 consortia
1137 906 1262 954 coeli,

271 988 385 1027 quas
424 974 530 1015 hinc
567 975 832 1030 corporibus
871 977 999 1017 laxat
1039 976 1162 1018 abire
1202 979 1325 1019 deus.

148 1058 256 1096 ergo
284 1060 445 1085 omnes
475 1051 597 1087 recte
625 1047 813 1100 capiunt
841 1047 1064 1088 solamina
1093 1048 1267 1102 dempti

270 1131 407 1169 quein
443 1122 614 1158 norunt
647 1117 817 1159 meritis
852 1125 975 1159 astra
1008 1118 1182 1160 subisse
1215 1119 1322 1173 poli.

80 1195 123 1224 15
150 1201 241 1227 non
274 1187 445 1228 retinet
479 1189 678 1230 mundus
710 1189 903 1230 astantis
934 1189 1030 1230 iure
1059 1190 1265 1243 sepulcri.

269 1274 407 1313 quem
440 1258 603 1312 recipit
632 1260 796 1301 summi
830 1262 1017 1301 dextera
1049 1261 1202 1315 ampla
1233 1261 1318 1303 dei.

147 1344 232 1370 nec
264 1344 447 1383 quoque
478 1330 684 1371 uenturis
716 1331 935 1373 morietur
966 1331 1147 1372 nomine
1177 1332 1319 1377 seclis,

266 1400 420 1442 uiuere
450 1415 585 1455 quem
611 1417 788 1456 semper
816 1402 973 1443 inclita
1002 1405 1167 1454 dogma
1195 1405 1377 1444 docent.

147 1471 371 1525 praecipit
404 1474 491 1513 heu
523 1486 706 1514 cursum
736 1488 979 1515 numerans
1012 1473 1323 1528 quinquennia
1355 1474 1557 1529 quinque

74 1552 121 1582 20
148 1548 193 1584 et
223 1543 370 1584 tribus
401 1543 591 1585 adiectis
620 1549 766 1585 metas
795 1544 1089 1586 uoluentibus
1118 1544 1261 1593 annis,

144 1614 347 1655 deseruit
383 1614 589 1665 fragilem
621 1614 787 1656 terreni
821 1615 1020 1669 corporis
1054 1631 1202 1665 usum,

142 1684 220 1726 hic
243 1686 430 1727 senibus
456 1685 667 1740 linquens
693 1686 928 1740 primaeuo
953 1693 1160 1740 tempore
1185 1687 1395 1735 formam,

141 1755 236 1798 illic
276 1757 526 1810 suscipiens
568 1763 754 1798 aeterno
793 1757 940 1799 iudice
982 1757 1143 1805 uitam,

145 1827 351 1881 pollicita
385 1828 666 1881 amplectens
700 1828 930 1870 reddentis
962 1828 1165 1881 praemia
1200 1828 1378 1871 Christi.

72 1908 120 1938 25
147 1898 354 1953 quisquis
386 1899 610 1941 sollicitus
645 1900 812 1940 lustras
848 1906 1147 1940 monumenta
1183 1901 1406 1949 dolorum,

266 1970 338 2012 hic
364 1970 555 2025 parilem
581 1976 752 2012 sortem
778 1970 967 2023 ingeniis
994 1970 1088 2023 ipsc
1115 1977 1259 2012 tuam.

228 2149 329 2191 CIL.
371 2150 483 2186 XIII
515 2160 630 2199 2307.
666 2162 716 2186 cx
750 2147 856 2186 actis
879 2162 912 2186 a.
943 2148 1042 2196 1308
1067 2149 1129 2185 ed.
1158 2147 1319 2196 Gniguc
1345 2150 1452 2187 Bull.
1481 2149 1554 2186 des
1578 2154 1664 2187 ant.

140 2209 195 2246 (le
232 2209 297 2246 Fr.
333 2210 436 2259 1870
456 2222 495 2258 p.
517 2218 593 2255 151
616 2220 693 2258 sq.,
724 2222 746 2246 e
777 2206 965 2247 Chiffleti
985 2207 1148 2245 schedis
1168 2208 1346 2249 Leblant
1368 2211 1385 2246 1
1409 2220 1446 2257 p.
1470 2218 1519 2256 53
1543 2221 1579 2245 11.
1604 2219 1667 2256 23.

326 2267 410 2305 fnit
434 2267 631 2317 Lugduni
653 2267 692 2304 111
718 2266 889 2305 ecclesia
912 2266 950 2306 S.
976 2265 1142 2311 Nicetii,
1167 2266 1274 2304 infra
1300 2279 1337 2305 11.
1358 2269 1407 2305 20
1430 2268 1570 2317 plures
1584 2279 1674 2304 uer-

139 2339 216 2364 sus
245 2328 412 2365 domni.
449 2326 491 2364 in
522 2326 707 2376 margine
736 2326 833 2364 obiit
865 2325 970 2363 XVI
1005 2325 1095 2363 Kal.
1128 2326 1262 2363 Iulias
1295 2327 1479 2365 undecies
1508 2329 1597 2376 post
1626 2326 1669 2364 C.

143 2386 302 2424 Instini
334 2387 456 2424 indic.
491 2386 651 2423 XIIII.
738 2385 921 2435 elogium
950 2384 1163 2423 Aureliani
1202 2385 1384 2435 episcopi
1416 2384 1673 2423 Arelatensis

145 2445 303 2483 mortni
342 2460 376 2483 a.
417 2454 506 2493 551.
596 2456 740 2483 uersus
775 2444 924 2495 inpuri.

226 2516 248 2542 2
271 2505 485 2542 cacumina
518 2509 552 2542 et
572 2503 742 2549 conieci,
764 2505 928 2542 cumina
951 2508 1004 2541 est
1024 2503 1200 2551 flumina
1224 2510 1331 2545 acta,
1358 2504 1572 2542 caczmzincc
1592 2503 1672 2551 sul-

142 2564 259 2602 -mina
282 2563 423 2602 chiffl.
592 2575 614 2611 3
637 2564 779 2601 ouium
799 2563 907 2602 trad.
996 2563 1171 2612 :lampna
1194 2563 1417 2613 posz'lurnm
1442 2568 1548 2601 acta.

294 2634 320 2671 4
343 2623 500 2661 mes-[ica
585 2628 724 2661 lenmzt
749 2628 854 2661 acta.
1022 2632 1043 2670 5
1065 2621 1286 2660 lectionem
1317 2621 1506 2660 Chiffleti
1535 2620 1670 2669 recepi

143 2682 364 2723 dubitans,
407 2695 667 2732 quamquam
696 2681 1063 2732 interpolationem
1093 2680 1261 2718 redolet.
1349 2682 1495 2719 iemmct
1525 2684 1558 2718 et
1586 2680 1671 2718 iam

145 2748 255 2780 acta.
427 2744 451 2778 (1
469 2741 601 2779 consol
607 2741 652 2779 iti
677 2747 783 2779 acta.
870 2754 982 2778 sacra
1006 2741 1144 2778 clarent
1162 2739 1297 2779 chiffl.
1386 2753 1408 2791 7
1427 2739 1667 2790 plancham)

142 2812 272 2839 casus
302 2800 508 2838 nominat.
540 2812 616 2850 pro
645 2800 779 2838 forma
808 2799 969 2849 uulgari
992 2814 1029 2849 q.
1051 2813 1084 2838 c.
1108 2799 1304 2849 planctus.
1473 2802 1496 2837 ὃ
1519 2810 1669 2835 numen

144 2859 288 2899 chiffl.
457 2872 480 2907 Q
531 2859 691 2907 sulcisci
751 2865 856 2897 acta.
1028 2870 1074 2896 10
1125 2871 1289 2909 emitque
1341 2864 1447 2896 acta.
1620 2866 1665 2894 11

144 2932 199 2957 aaz
208 2920 287 2956 snm
376 2924 542 2956 erectum
637 2919 838 2956 consorcia
923 2918 994 2956 celi
1043 2922 1149 2956 acta.
1235 2917 1435 2955 cansam-io
1484 2914 1622 2956 chiffl.
