1845 3256
623 215 762 245 IAMBI
801 215 993 246 SENARII
1535 217 1548 242 1
1555 217 1571 242 5

60 349 240 399 gratum
268 357 314 384 se
344 348 481 395 atque
510 343 638 396 pium
666 347 719 382 ut
748 343 1088 383 commendaret
1116 343 1220 384 suis.

61 415 119 457 ad
150 414 267 455 circa
299 413 483 454 meritos
518 426 697 465 quoque
729 412 837 453 fecit
868 412 1100 467 plurimos;

58 490 104 527 et
133 484 208 537 qui
238 497 490 536 numquam
517 482 777 523 infirmatus
806 483 854 523 in
882 483 982 524 uita
1010 488 1079 524 est
1108 497 1190 525 sua

59 568 197 596 annos
233 553 405 608 peregit
442 554 555 594 duos
591 558 637 593 et
675 554 920 606 octoginta.

57 625 182 668 Felix
216 629 407 665 uocatus
442 623 550 664 felix
586 623 703 664 uixit
739 637 843 665 cum
879 623 982 665 suis.
1598 640 1640 672 15

133 765 240 802 Bull.
287 763 462 802 archeol.
510 764 566 802 du
608 762 762 801 comite
808 764 910 814 1906
950 778 990 814 p.
1038 764 1251 803 CCXXVI
1292 765 1420 804 deser.
1461 768 1567 803 Mer—

49 823 119 863 lin.
284 822 435 873 cippus
475 835 559 873 rep.
599 822 693 860 Kef.
730 822 1037 873 praescriptum
1059 824 1095 862 d.
1122 824 1184 862 M.
1210 837 1256 869 s.‚
1280 824 1566 875 subscriptum

50 881 144 932 Mic)
171 882 305 931 s(1'tus)
324 882 427 932 e(st).
513 881 696 919 senarios
723 881 925 931 pessimos
953 882 1093 920 effecit
1121 888 1248 933 poeta
1275 883 1402 921 rudis.

128 952 149 978 2
174 940 439 978 substantiam
462 940 486 978 i.
512 954 544 978 e.
572 939 754 978 diuitias
895 953 920 990 4
940 941 1178 979 constitutus
1196 942 1455 993 iungendum
1469 956 1567 983 cum

49 998 186 1039 uerbis
229 999 516 1049 sequentibus.
687 1010 733 1036 12
778 1000 830 1037 ad
868 999 973 1037 circa
1014 1001 1065 1039 cf.
1108 1000 1305 1041 Lbfstedt
1349 1001 1476 1040 Baitr.
1521 1014 1560 1051 p.

50 1069 124 1097 110
162 1070 238 1106 sq„
284 1057 389 1097 Phil.
432 1061 600 1097 Komm.
644 1073 677 1096 z.
711 1060 869 1108 Peregr.
904 1059 1028 1097 Aeth.
1056 1072 1095 1109 p.
1130 1061 1219 1109 269.
1304 1059 1461 1098 meritos
1487 1073 1563 1110 pro

48 1117 199 1156 merita.
290 1128 337 1165 14
363 1118 415 1156 cf.
444 1130 482 1156 u.
517 1129 537 1156 2
569 1116 765 1156 carminis
790 1117 1091 1166 praecedentis.

775 1295 826 1336 52

45 1388 262 1441 Ann(um)
306 1388 604 1429 uicensimum
648 1389 874 1444 [exsigensl
919 1389 1081 1430 misera
1120 1390 1275 1431 occidi.

98 1528 197 1569 CIL.
247 1530 305 1566 VI
353 1539 483 1580 33473
531 1529 658 1567 deser.
703 1529 833 1568 Gatti.
999 1531 1147 1568 tabula
1195 1543 1427 1569 marmorea
1471 1545 1556 1582 rep.

42 1586 111 1625 uia
165 1586 337 1626 Salaria.
391 1587 698 1637 praescriptum
743 1588 904 1627 Derceto
949 1589 1141 1627 Aureliae
1189 1590 1365 1640 uirginis
1408 1590 1556 1636 lectrix,

38 1644 81 1683 in
104 1647 234 1684 latere
262 1647 410 1684 dextro
439 1646 594 1684 Sabina
623 1648 667 1685 C.
697 1647 722 1685 l.
753 1648 908 1686 Helena
936 1648 1042 1686 uixit
1070 1660 1199 1687 annos
1222 1649 1345 1687 XVI.
1432 1650 1556 1700 elogi-

38 1716 110 1742 um
134 1705 301 1743 lectoris
331 1705 552 1744 cuiusdam
586 1705 683 1744 uide
718 1706 819 1747 CIL.
856 1708 915 1745 VI
950 1708 1067 1759 3978.

764 1884 818 1926 53

37 1975 264 2016 Pudenter
291 1976 425 2029 [uixit
448 1979 593 2031 carus]
627 1980 631 2031 l
659 1978 763 2026 suis,
790 1979 906 2020 haue
930 1986 976 2021 et
1004 1980 1133 2033 [nale.

115 2101 215 2144 CIL.
246 2104 306 2140 VI
335 2103 453 2155 6609.
540 2105 624 2147 AL.
659 2105 935 2144 Cholodniaki
965 2107 1055 2158 780.
1225 2109 1397 2146 Romae.
1430 2121 1548 2158 prae-

35 2159 239 2210 scriptum
266 2162 310 2199 T.
330 2161 536 2206 Staffllizcs
556 2164 616 2209 Γ]
632 2164 699 2202 lib.
720 2164 834 2210 Eros,
852 2165 1139 2216 subscriptum
1156 2167 1198 2205 H
1201 2167 1342 2205 etereia
1360 2168 1407 2205 P.
1426 2167 1451 2205 l.
1473 2167 1515 2206 C.
1539 2200 1545 2205 .

115 2220 329 2269 suppleuit
366 2221 639 2261 Cholodniak.

760 2366 815 2408 54

37 2456 92 2494 In
113 2454 197 2495 hoc
219 2457 422 2509 sepulcro
450 2459 454 2512 Ι
481 2458 589 2499 uiua
612 2474 775 2501 nomen
797 2461 1017 2516 inscriflpsi
1050 2465 1252 2519 meu(m).

31 2523 142 2564 haec
169 2530 237 2566 est
269 2528 273 2580 Ι
305 2527 464 2569 domus
494 2542 605 2581 qum
632 2531 753 2572 meis.

113 2652 213 2694 CIL.
254 2654 298 2690 ΙΙ
339 2664 441 2693 1222
473 2667 525 2693 ex
551 2656 726 2695 schedis.
814 2659 898 2701 AL.
930 2661 1207 2699 Cholodniaki
1234 2673 1324 2711 303,
1461 2662 1542 2701 fuit

31 2708 212 2760 Hispali.
268 2712 575 2762 praescriptum
601 2715 730 2754 Didia
761 2717 805 2755 T.
835 2717 860 2755 l.
889 2718 1037 2757 Saluia
1064 2725 1188 2758 mater
1215 2721 1260 2759 in
1287 2735 1370 2759 meo
1398 2722 1540 2760 dolore.

115 2780 134 2806 1
164 2770 401 2808 tollendum
430 2772 544 2810 uiua.
712 2786 734 2812 2
764 2776 975 2815 senarium
1004 2780 1170 2829 explere
1199 2779 1333 2818 uoluit
1367 2781 1542 2819 Cholod-

29 2825 128 2864 nial<
153 2827 247 2865 haec
275 2833 330 2866 est
354 2829 496 2868 domus
528 2835 686 2871 aeterna
716 2846 806 2871 cum
833 2836 932 2874 meis
961 2837 1086 2881 mihi:
1113 2843 1248 2877 metro
1278 2839 1410 2888 magis
1440 2844 1542 2889 apta

30 2883 156 2923 fuerit
184 2888 441 2940 pentapodia
467 2889 570 2928 mihi
595 2891 690 2928 haec
715 2896 770 2930 est
794 2893 936 2932 domus
962 2900 1120 2934 aeterna
1147 2910 1237 2935 cum
1264 2898 1375 2935 meis.
