1813 3266
653 229 857 260 DACTYLI
891 228 1113 261 ELEGIACI

840 355 926 405 360

130 475 345 525 Nymfius
379 480 562 515 aeterno
595 474 832 515 deuinctus
867 474 1068 514 membra
1099 487 1257 526 sopore

303 545 378 587 hic
408 545 521 586 situs
552 550 632 592 est,
665 545 787 585 caelo
821 558 944 585 mens
976 544 1053 597 pia
1080 543 1336 597 perfruitur.

131 629 254 656 mens
284 616 412 656 uidet
443 620 579 663 astra,
614 615 737 668 quies
768 615 932 655 tumuli
963 615 1279 668 complectitur
1311 619 1450 662 artus,

303 686 499 727 calcauit
532 686 683 726 tristes
716 691 876 726 sancta
908 685 1022 726 fides
1055 685 1277 726 tenebras.

127 761 172 796 te
203 762 286 797 tua
316 771 398 810 pro
430 757 600 797 meritis
631 756 814 797 uirtutis
847 756 903 796 ad
935 761 1058 796 astra
1087 756 1283 796 uehebat

301 827 609 880 intuleratque
650 827 741 867 alto
782 827 937 867 debita
976 826 1099 867 fama
1137 826 1254 879 polo.

126 897 398 938 immortalis
433 898 531 939 eris
569 911 675 938 nani
709 898 854 937 multa
887 897 1020 937 laude
1053 897 1226 949 uigebit

301 968 441 1008 uiuax
477 974 692 1008 uenturos
727 968 868 1019 gloria
902 982 981 1020 per
1015 968 1219 1021 populos.

128 1044 172 1079 te
209 1039 349 1079 coluit
385 1039 619 1092 proprium
653 1038 887 1091 prouincia
922 1043 1088 1079 cuncta
1122 1043 1372 1091 parsntem,

300 1110 527 1162 optabant
557 1110 702 1149 uitam
732 1109 913 1162 publica
943 1114 1053 1149 uota
1082 1114 1224 1149 tuam.

131 1193 346 1232 excepere
381 1185 461 1220 tuo
498 1180 727 1232 quondam
762 1180 871 1220 (lata
906 1193 1092 1219 munera
1125 1184 1311 1232 sumptu

303 1250 563 1303 plaudentis
593 1250 748 1303 populi
779 1250 945 1303 gaudia
973 1264 1052 1303 per
1081 1264 1260 1295 cuneos,

129 1321 371 1361 concilium
405 1335 642 1374 procerum
675 1334 754 1374 per
787 1327 832 1361 te
866 1320 1016 1374 patria
1051 1320 1169 1361 alma
1203 1321 1402 1369 uocauit,

302 1405 439 1444 seque
471 1398 552 1432 tuo
585 1392 717 1432 duxit
748 1391 948 1432 sanctius
980 1405 1055 1431 ore
1086 1391 1222 1444 loqui.

131 1462 338 1515 publicus
369 1463 553 1503 orbatas
585 1463 718 1503 modo
748 1462 897 1503 luctus
927 1461 1112 1502 conficit
1141 1462 1274 1502 urbes

308 1533 574 1585 confusique
604 1533 774 1574 sedent.
809 1532 944 1573 anxia
972 1533 1122 1580 turba,
1154 1538 1320 1585 patres.

133 1608 185 1643 ut
224 1603 374 1656 capite
413 1610 568 1656 erepto
607 1603 837 1657 torpentia
876 1603 1078 1644 membra
1115 1603 1354 1656 rigescunt,

311 1679 363 1714 ut
394 1688 501 1727 grex
533 1674 696 1715 amisso
727 1674 927 1727 principe
959 1679 1129 1714 maeret
1158 1674 1288 1715 iners.

133 1758 276 1797 parua
306 1744 390 1785 tibi
422 1745 620 1785 coniunx
652 1745 800 1798 magni
831 1744 998 1786 solacia
1026 1745 1176 1785 luctus

306 1815 427 1855 hunc
456 1815 619 1856 tumuli
649 1815 835 1856 titulum
867 1820 1038 1856 maesta
1074 1815 1237 1858 Serena
1265 1815 1398 1856 dicat.

133 1885 243 1925 haec
274 1886 499 1926 indiuidui
530 1900 705 1939 semper
735 1900 882 1927 comes
915 1886 1073 1927 addita
1101 1886 1231 1927 fulcri

309 1956 575 1997 unanimam
605 1957 688 1997 tibi
719 1971 765 1997 se
794 1958 938 1997 lustra
967 1970 1045 2010 per
1075 1961 1178 1997 octo
1208 1957 1347 1997 dedit.

136 2026 278 2067 dulcis
309 2027 407 2067 uita
436 2027 525 2067 fuit
556 2032 719 2069 tecum,
752 2042 900 2068 comes
932 2027 1067 2068 anxia
1095 2027 1241 2068 lucem

310 2102 543 2138 aeternam
572 2112 756 2151 sperans
787 2099 902 2139 hanc
932 2097 1059 2151 cupit
1087 2112 1181 2138 esse
1210 2098 1409 2139 breuem.

1578 218 1637 253 119

1671 1116 1713 1146 10

1678 1472 1718 1501 15

215 2225 316 2267 CIL.
350 2227 462 2263 XIII
495 2226 570 2264 128
599 2226 779 2264 contulit
811 2220 1122 2264 Hirschfelds³
1149 2226 1233 2268 AL.
1268 2226 1389 2264 Riese
1422 2237 1513 2276 722.
1546 2226 1651 2264 Cho-

134 2283 324 2321 lodniaki
364 2285 440 2335 289
481 2298 516 2323 a.
683 2285 832 2323 tabula
872 2298 1106 2323 marmorea
1141 2284 1295 2323 litteris
1334 2284 1455 2323 bonis
1495 2283 1652 2322 saeculi

132 2341 217 2380 fere
241 2342 379 2392 quinti
402 2343 483 2380 fuit
508 2344 758 2382 Valentinae
782 2357 900 2382 muro
923 2343 1119 2382 ecclesiae
1141 2343 1327 2387 inmissa,
1341 2356 1453 2381 nunc
1474 2349 1594 2381 extat
1608 2342 1651 2380 in

137 2413 281 2439 museo
306 2401 526 2440 Tolosano.
613 2415 682 2441 uu.
713 2414 840 2441 1—12
866 2403 908 2440 in
930 2404 1062 2441 latere
1085 2402 1268 2448 sinistro,
1297 2414 1457 2452 12—24
1483 2402 1526 2440 in
1552 2402 1651 2440 (lex-

135 2466 202 2498 tro
229 2459 375 2510 scripti
401 2467 514 2505 sunt,
542 2461 585 2498 in
613 2461 750 2499 medio
776 2475 890 2500 crux.

217 2530 235 2556 1
263 2521 416 2561 Lucret
442 2521 515 2564 IV,
541 2529 619 2569 453
645 2533 736 2558 cnm
760 2521 883 2559 snam·
907 2521 1091 2560 dezainxit
1116 2521 1289 2559 membra
1314 2524 1461 2571 sopore
1486 2520 1651 2558 confert

134 2577 408 2616 Cholodniak.
497 2591 520 2629 ς)
553 2579 768 2628 prouincia
801 2578 825 2617 i.
859 2593 893 2617 e.
928 2579 1172 2630 Aquitania.

850 2731 932 2782 361

135 2834 269 2877 Orbis
301 2836 419 2877 celsa
453 2836 580 2889 graui
614 2844 843 2880 uexantur
877 2838 1075 2880 culmina
1108 2839 1238 2892 lapsu

254 2906 377 2948 urbis
414 2907 651 2949 cacumina
689 2915 734 2950 et
769 2909 961 2950 fulmina
997 2908 1119 2950 clara
1154 2914 1295 2950 ruunt
