1813 3266
499 187 707 219 DACTYLI
744 188 1039 218 HEXAMETRI
1469 188 1509 219 «553

0 301 1 311 ¹
29 311 183 353 iuncta
212 325 343 363 quem
371 310 568 363 possedit
597 312 778 350 XXXV
806 311 875 350 uel
905 311 1097 364 amplius
1128 326 1278 360 annos,

0 395 1 400 ¹
30 387 81 422 ut
107 381 313 422 lacrimae
342 381 553 421 minimae
579 394 657 433 per
686 381 895 432 genitoris
925 381 1021 421 uita
1051 381 1250 422 fuissent.

30 452 65 492 si
88 451 197 491 scire
220 451 300 499 uis,
324 452 474 498 lector,
501 451 574 503 qui
598 458 776 503 pausat,
802 451 984 503 ca[pita]
1012 465 1241 492 uersorum
1264 453 1447 505 require.

83 591 245 630 Wiener
279 590 453 629 Studien
490 602 587 640 1902
624 604 662 640 p.
703 590 777 638 586
814 591 939 629 descr.
980 591 1192 629 Maionica.
1383 592 1511 642 Aqui-

34 650 144 688 leiae.
176 649 454 699 subscriptum
482 650 717 699 Amunclus)
735 650 777 687 in
796 652 888 699 pace
905 649 1039 687 XVII
1055 649 1288 700 Ix'al(endas)
1309 652 1400 689 Non
1420 652 1510 700 (em-

31 709 125 758 bres)
183 707 475 758 N[ep0t(ia‚¹zo)]
534 713 566 746 et
623 709 842 758 Facfflndo)
901 709 1169 757 corzs(ltlz'bzc)s.
1194 709 1216 747 i.
1241 722 1272 747 e.
1290 723 1396 747 anno
1418 710 1506 758 336.

87 767 357 806 acrostichide
381 767 529 817 legitur
557 781 707 805 nomen
739 767 924 805 defuncti
950 767 1160 805 Antonius.
1274 767 1510 806 hexametri

29 825 202 876 pessimi.

136 896 161 933 3
180 884 498 927 Stratoniceum,
521 885 758 935 saepissime
780 886 821 922 in
841 885 974 923 titulis
995 885 1134 924 latinis
1156 886 1323 925 nomina
1343 886 1508 935 propria

30 957 175 994 graeca
192 945 350 994 primae
369 944 656 982 declinationis
675 944 717 982 in
736 957 754 981 e
773 944 969 982 exeuntia
989 945 1041 983 ad
1059 944 1230 983 tertiam
1249 944 1378 983 relata
1398 950 1508 989 sunt;

30 1002 80 1041 cf.
111 1008 160 1041 ut
189 1010 326 1042 cetera
355 1003 545 1053 exempla
574 1003 769 1042 omittam
800 1003 898 1043 CIL.
932 1005 997 1040 ΙΙΙ
1030 1003 1130 1054 2376
1155 1002 1507 1050 Stratonic[e]n[i].

34 1061 131 1110 1651
171 1062 412 1114 Agatlzen(i),
440 1071 539 1111 2452
568 1062 800 1112 Calliopem'.
963 1074 987 1111 4
1012 1063 1160 1113 genesis
1185 1062 1234 1101 cf.
1263 1065 1405 1100 quen.
1434 1064 1506 1100 VI.

32 1130 120 1174 579;
143 1124 260 1164 XIV,
284 1122 372 1170 248;
397 1120 564 1160 Sueton.
590 1123 709 1170 Vesp.
738 1132 797 1170 14:
822 1124 942 1159 Dom.
970 1132 1029 1161 10.
1149 1121 1217 1171 qm?
1239 1135 1312 1171 pro
1336 1133 1432 1170 quae
1455 1121 1506 1159 cf.

29 1180 222 1220 Losstedt
252 1180 392 1218 Philol.
425 1183 668 1219 Komment.
700 1192 771 1218 zur
801 1180 999 1230 Peregrin.
1031 1181 1194 1219 Aether.
1226 1194 1264 1230 p.
1299 1192 1383 1229 132.
1440 1194 1508 1218 ex-

29 1239 259 1289 pectaueris
289 1240 469 1289 priorem.
634 1249 655 1287 5
689 1239 742 1277 in.
776 1245 957 1278 metrum
986 1239 1148 1278 restitui
1178 1239 1273 1278 licet
1304 1239 1508 1289 pulchrius

30 1298 90 1337 m'l
123 1299 250 1347 fuerat
284 1299 423 1337 littera
459 1312 477 1336 s
511 1298 626 1337 finali
661 1298 769 1336 elisa.
827 1298 1078 1337 sententiam
1113 1298 1411 1348 interpretatus
1445 1304 1508 1336 est

29 1358 106 1396 hoc
146 1359 269 1397 modo
292 1357 506 1396 Maionica:
534 1357 633 1395 nihil
657 1357 865 1407 pulchrius
888 1356 967 1395 fuit
994 1370 1121 1407 quam
1143 1357 1231 1396 uita
1255 1357 1508 1396 Stratonices

29 1422 256 1468 antequam
284 1416 498 1467 coniugem
526 1416 746 1455 inmisisset
774 1416 856 1454 scil.
889 1417 932 1454 in
959 1415 1144 1455 Tartara.
1176 1417 1247 1455 sed
1276 1423 1385 1455 recte
1414 1416 1508 1457 Los-

29 1476 143 1515 stedt
173 1476 199 1514 l.
222 1489 255 1515 c.
279 1488 396 1528 quam
417 1476 528 1514 idern
549 1488 595 1514 ac
617 1489 731 1528 quam
757 1476 791 1513 si
811 1488 897 1514 esse
918 1489 1089 1514 monens
1110 1475 1362 1515 sententiam
1381 1475 1508 1525 expli-

29 1534 126 1573 cuit:
149 1535 248 1573 nihil
268 1534 477 1585 pulchrius
497 1534 632 1573 fuerat
654 1548 781 1585 quam
803 1534 837 1572 si
850 1534 1064 1584 coniugem
1081 1535 1141 1583 (z
1158 1535 1343 1584 uxorem)
1356 1534 1397 1571 in
1410 1541 1508 1572 ante

30 1593 205 1633 misisset
226 1594 308 1632 scil.
330 1593 515 1634 maritus
643 1607 724 1644 quo
745 1595 868 1632 modo
888 1593 921 1631 si
940 1593 1239 1643 interpretatus
1257 1593 1346 1632 eris,
1368 1592 1503 1631 facilli-

31 1666 96 1691 me
130 1665 296 1692 uersum
330 1659 571 1702 sequentem
606 1653 825 1703 intelleges.
866 1653 907 1691 in
943 1657 1031 1691 ante
1065 1653 1115 1691 cf.
1154 1653 1343 1693 L'ofstedt
1381 1652 1504 1691 Beitr.

37 1723 110 1750 110
135 1725 194 1762 sq.
248 1712 349 1750 Phil.
378 1715 547 1751 Komm.
575 1726 606 1750 z.
636 1714 790 1761 Peregr.
819 1712 938 1749 Aeth.
993 1712 1079 1763 269.
1191 1712 1215 1747 6
1240 1712 1262 1749 i.
1292 1725 1415 1762 quem
1443 1713 1503 1759 (Ξ

30 1783 146 1820 quarn
168 1771 219 1809 cf.
244 1783 282 1809 u.
307 1772 347 1821 4)
371 1771 587 1810 inunctam
610 1771 805 1821 possedit,
829 1778 876 1809 ut
900 1777 1010 1809 recte
1034 1777 1172 1809 monet
1196 1770 1399 1812 L'ofstedt.

30 1841 54 1879 7
82 1831 274 1869 minimae
293 1843 367 1880 pro
391 1832 569 1869 minores
734 1831 757 1868 8
783 1842 978 1868 mersorum
1001 1829 1051 1868 cf.
1077 1830 1175 1870 CIL.
1201 1832 1241 1867 X
1266 1840 1364 1877 2535
1390 1841 1507 1866 meso-

31 1902 119 1927 rum
139 1895 181 1928 et
203 1889 322 1928 Diehl
343 1890 394 1928 de
414 1902 451 1927 m
474 1889 588 1928 finali
609 1889 731 1938 epigr.
754 1903 792 1939 p.
818 1901 903 1928 200.

727 2020 808 2061 200

27 2114 96 2156 Sic
118 2114 213 2163 tibi,
241 2117 353 2167 quae
376 2114 493 2155 uotis
523 2118 525 2168 γ
554 2114 793 2167 optaueris,
821 2114 970 2154 omnia
999 2117 1001 2167 l
1032 2115 1206 2161 cedant!

26 2185 222 2226 studiose
252 2187 255 2238 Ι
283 2185 432 2233 lector,
460 2185 504 2225 ni
531 2185 638 2225 uelis
670 2187 673 2238 Ι
703 2185 888 2225 titulum
912 2184 1078 2236 uiolare
1104 2198 1264 2225 meum.

184 2291 281 2328 Not.
307 2289 344 2327 d.
363 2302 414 2327 sc.
436 2289 534 2340 1898
549 2302 588 2339 p.
605 2301 682 2340 479
698 2290 759 2328 ed.
779 2289 924 2327 Brizio.
1036 2289 1182 2339 cippus
1198 2288 1407 2326 arenarius
1422 2301 1494 2336 rep

31 2347 72 2385 in
102 2349 217 2386 alueo
245 2348 348 2386 Reni
369 2361 495 2398 prope
518 2348 758 2387 Bononiam.
782 2348 886 2386 infra
908 2348 1079 2386 titulum
1101 2347 1255 2397 effigies
1276 2347 1399 2385 suarii
1421 2360 1508 2396 sep-

26 2412 112 2445 tem
131 2420 274 2457 porcos
293 2407 512 2457 pascentis,
604 2420 686 2458 qua
760 2421 802 2445 re
857 2413 1028 2457 apparet
1086 2408 1161 2445 hoc
1217 2419 1304 2444 esse
1332 2405 1508 2455 elogium

29 2466 189 2504 subulci
215 2466 442 2504 cuiusdam.
473 2466 524 2504 (le
551 2466 667 2516 copia
694 2478 817 2504 suum
843 2466 965 2504 huius
991 2466 1164 2515 regionis
1191 2465 1241 2503 cf.
1275 2464 1415 2512 Polyb.
1449 2466 1507 2504 ΙΙ,

30 2533 89 2572 15.
145 2524 278 2563 Strab.
310 2524 452 2574 Geogr.
499 2527 547 2567 V,
570 2536 668 2568 1,12.
773 2525 824 2563 de
841 2524 1046 2563 sententia
1063 2524 1113 2563 cf.
1133 2523 1277 2562 titulos
1294 2523 1385 2561 Atti
1404 2523 1508 2560 della

29 2595 108 2621 soc.
145 2583 187 2621 di
210 2584 381 2622 archeol.
408 2583 450 2621 di
471 2582 622 2622 Torino
645 2585 711 2621 111
734 2597 773 2634 p.
800 2584 849 2621 88
873 2584 929 2622 ita
952 2583 1023 2622 tibi
1046 2584 1283 2633 contingant.
1309 2595 1405 2632 quae
1431 2583 1506 2619 mk.

27 2646 71 2679 ut
96 2645 138 2680 tu
164 2642 231 2680 hoc
258 2655 413 2680 sacrum
441 2655 519 2679 non
547 2643 680 2687 uiolas
712 2645 758 2680 B.
789 2642 1009 2690 836-838;
1041 2642 1153 2691 1468.

134 2712 156 2739 2
175 2702 227 2739 ad
243 2707 555 2751 pentametrum
572 2701 728 2750 redegit
746 2701 898 2739 Zottoli
916 2701 1010 2740 Atti
1027 2701 1133 2739 della
1151 2701 1287 2739 accad.
1309 2700 1349 2737 di
1368 2699 1508 2736 arche-

29 2759 77 2797 01.
111 2759 153 2797 di
168 2759 318 2809 Napoli
337 2771 435 2810 1910
450 2772 491 2809 p.
510 2760 560 2807 36
576 2761 621 2798 πί
639 2760 736 2798 uelis
752 2759 910 2798 titulum
929 2759 1000 2809 (tu)
1020 2760 1166 2798 uiolare
1182 2771 1322 2796 meum.
1368 2757 1507 2795 malim

29 2818 320 2856 hexametrum
352 2819 569 2856 restituere
604 2820 659 2857 m‘,
698 2819 809 2856 lector
833 2819 1014 2860 studiose,
1040 2819 1139 2857 uelis
1164 2818 1322 2856 titnlmn
1348 2816 1517 2854 uiolare.

134 2877 293 2915 litzilmn
325 2883 465 2915 utrum
497 2890 601 2926 apex
633 2891 684 2915 an
717 2878 912 2915 mendum
944 2877 1103 2927 lapidis.
1136 2877 1350 2914 incertum.
