1813 3266
722 215 1002 247 COMMATICA
1581 217 1637 242 155

836 356 918 397 451

126 430 255 473 Caius
281 430 467 484 Epicadi
492 430 641 483 f(ilius)
661 429 865 483 princeps
886 430 889 483 Ι
910 428 1107 469 ciuitatis
1124 428 1380 469 Doclatium
1396 427 1466 468 hic
1483 427 1605 468 situs.
1631 429 1633 479 1

126 501 209 542 hoc
233 500 331 541 fieri
356 501 484 542 iussit
508 500 681 553 genitor
706 499 789 541 sibi
815 504 861 540 et
891 501 895 554 Ι
924 499 1026 540 suis.

124 576 193 612 set
210 571 274 611 fili
293 571 386 612 eius
406 571 593 616 Piassus,
616 570 854 624 Epicadus,
882 572 886 625 l
909 570 1094 618 Scerdis.
1116 572 1256 611 Verzo

125 647 171 681 et
192 656 368 682 summa
390 641 564 682 adiecta
591 642 594 695 Ι
621 640 763 681 efficit
784 640 908 681 istud
930 654 1053 693 opus.

124 718 191 752 est
218 712 371 765 pietas,
402 712 586 764 natique
618 713 621 765 Ι
653 712 736 752 hoc
763 711 958 752 auxsisse
985 711 1196 752 uidentur

124 788 169 823 et
192 783 403 823 decorant
430 784 432 836 l
460 782 580 823 facto
603 787 648 822 et
670 782 832 823 docent
854 796 946 823 esse
968 782 1076 835 pios.

202 910 376 960 Vjesnik
418 911 677 959 hrvatskoga
723 910 1022 959 arheoloskoga
1053 906 1231 947 dru{tva
1264 919 1363 959 1905
1394 922 1433 959 p.
1470 920 1543 959 173
1575 909 1637 946 ed.

122 970 257 1009 Vulic.
438 982 523 1019 rep.
565 971 673 1009 Crna
703 971 827 1009 Gora.
925 970 977 1007 cf.
1010 969 1189 1008 titulum
1218 983 1256 1007 n.
1292 969 1368 1018 328
1396 968 1554 1008 ibidem
1581 981 1639 1005 re-

122 1034 302 1078 pertum.
390 1028 537 1077 Agirro
569 1028 699 1066 frater
729 1027 908 1065 forsitan
938 1026 1019 1065 fuit
1053 1026 1150 1065 Caii.
1238 1027 1428 1077 princeps
1461 1026 1641 1067 ciuitatis

121 1087 173 1126 cf.
207 1088 362 1125 Patsch
390 1087 664 1137 Arch.-epigr.
697 1089 864 1125 Unters.
896 1100 928 1124 z.
948 1086 1094 1124 Gesch.
1124 1087 1162 1124 d.
1194 1089 1296 1124 rom.
1340 1086 1520 1125 Provinz
1541 1086 1640 1123 Dal-

122 1145 281 1185 matien
311 1148 393 1189 ΙΙΙ,
427 1147 488 1184 26.
577 1146 760 1183 Doclsltes
791 1145 894 1183 alias
925 1145 1129 1183 Docleates
1160 1146 1226 1182 uel
1258 1145 1469 1183 Docleatae
1500 1146 1642 1195 appel-

119 1212 258 1244 antur.

202 1276 224 1303 2
247 1264 467 1303 exordium
489 1263 734 1302 hexametri.
914 1275 939 1313 4
962 1276 1120 1301 summa
1143 1263 1296 1302 adiecta
1321 1264 1450 1302 ablat.
1534 1267 1568 1301 et
1596 1281 1636 1294 z

119 1323 262 1362 etiam.
349 1323 555 1373 intellege:
588 1336 799 1361 summam
828 1322 1044 1372 pecuniae,
1078 1335 1206 1372 quam
1230 1328 1352 1372 pater
1381 1327 1641 1360 testamento

117 1384 347 1432 legauerat,
377 1395 461 1432 qua
489 1387 813 1422 monumentum
839 1381 974 1425 fieret,
1003 1380 1081 1419 filii
1109 1387 1317 1420 auxerunt
1346 1387 1387 1420 et
1401 1382 1641 1431 sepulcrum

119 1442 198 1479 hoc
236 1441 480 1479 effecerunt.
568 1441 695 1489 efficit
725 1453 800 1490 pro
831 1441 1030 1488 efficiunt.
1113 1446 1310 1490 sumptus
1340 1440 1451 1479 enim
1481 1446 1543 1478 est
1575 1439 1641 1477 hic

119 1506 386 1550 pentameter
427 1500 613 1539 incultus
641 1513 662 1537 e
690 1499 833 1545 titulo,
864 1513 990 1549 quem
1018 1498 1116 1537 fecit
1146 1499 1261 1537 filius
1289 1513 1398 1538 unus
1425 1499 1537 1550 patri
1566 1512 1641 1537 suo

314 1569 335 1607 5
378 1572 438 1609 sq.
482 1560 762 1608 archetypum
807 1559 919 1596 hunc
968 1558 1187 1608 proposuit
1226 1559 1349 1598 Yulic
1376 1560 1567 1607 Jahresh.
1600 1559 1638 1596 d.

120 1623 290 1657 oesterr.
323 1619 528 1658 archaeol.
562 1620 788 1668 Inst.1()09
801 1631 840 1668 p.
856 1629 932 1656 202
946 1622 1001 1656 est
1020 1618 1151 1668 pietas
1166 1619 1380 1669 72c1t2‘,qztc1e
1395 1619 1464 1656 lzoc
1479 1618 1642 1655 auxisse

125 1677 296 1723 uidetur,
320 1678 323 1727 Ι
343 1681 378 1715 et
403 1678 558 1715 decorat
584 1678 687 1725 facto
715 1681 749 1714 et
775 1677 882 1715 docet
909 1689 992 1714 esse
1018 1677 1148 1727 pium.
1210 1677 1376 1716 hiatum
1404 1690 1442 1715 u.
1473 1687 1494 1725 5
1518 1676 1551 1714 si
1579 1676 1642 1715 uis

120 1735 295 1781 euitare,
333 1737 441 1774 adde
475 1739 577 1786 opus
613 1742 712 1774 ante
747 1736 828 1774 hoc.
999 1736 1023 1774 6
1057 1735 1215 1785 corrige
1250 1741 1284 1774 et
1317 1737 1420 1784 jacto
1455 1737 1642 1774 decorant

123 1796 293 1844 (decorat
326 1796 514 1844 archet.).

839 1900 922 1941 452

125 1972 193 2015 Sis
227 1972 348 2021 felix,
387 1973 462 2025 qui
498 1973 692 2027 dixelris:
760 1973 971 2014 Ammoni
1006 1974 1136 2014 haue.
1179 1976 1182 2028 1

296 2048 516 2097 perpetuo
548 2044 607 2084 sit
639 2043 735 2097 tibi}
772 2049 893 2084 terra
923 2044 1047 2084 leuis.

123 2119 174 2154 ut
205 2119 299 2162 tua,
336 2114 547 2162 Baniura,
583 2114 794 2168 moljliter
825 2116 946 2167 os[sa
977 2115 1158 2155 cubent.

205 2243 306 2283 CIL.
338 2244 445 2280 VIII
478 2254 609 2293 21334
642 2244 845 2293 (29439).
933 2244 1017 2285 AL.
1051 2243 1328 2283 Cholodniaki
1360 2244 1474 2281 1260.

123 2303 321 2339 columna
337 2314 422 2351 rep.
443 2302 697 2347 Scherschel,
718 2302 790 2340 ubi
808 2308 928 2340 extat
948 2302 990 2340 in
1010 2316 1165 2341 museo.
1186 2303 1237 2342 cf.
1260 2304 1360 2344 CIL.
1382 2304 1489 2341 VIII
1509 2313 1638 2351 21333

127 2360 163 2398 d.
193 2361 255 2398 JI.
286 2361 348 2398 JI.
382 2360 480 2410 lez'
506 2362 730 2400 Hammoni
759 2361 854 2400 Iun.
882 2385 935 2388 —
959 2385 1011 2388 —
1037 2362 1131 2401 lluz'c
1158 2363 1345 2401 Bauium
1373 2362 1537 2411 signnm
1561 2361 1640 2409 snit

122 2442 175 2446 ——
201 2443 267 2458 -—.
366 2418 600 2457 locutiones
627 2433 678 2457 ex
705 2419 961 2458 hexametris
989 2426 1030 2458 et
1058 2420 1336 2471 pentametris
1364 2426 1569 2470 receptae,
1599 2433 1637 2458 u.

127 2489 149 2526 3
178 2483 456 2528 pentameter.

208 2548 226 2574 1
256 2537 313 2574 sz's
339 2536 450 2584 felix,
481 2537 550 2587 qui
577 2538 821 2586 praeteriens
848 2551 923 2576 (me
949 2539 1113 2582 dixeris,
1141 2539 1296 2589 hospes,
1384 2550 1404 2576 2
1433 2541 1640 2588 perpetuo-

125 2608 197 2646 que
217 2595 320 2633 obito
341 2595 392 2633 sit
411 2595 485 2633 tibi
505 2600 609 2633 term
629 2595 733 2634 leuis
753 2595 795 2633 in
817 2597 1047 2647 archetypo
1068 2597 1195 2636 fuisse
1215 2603 1341 2648 putat
1364 2596 1638 2636 Cholodniak.

837 2687 921 2729 453

124 2760 224 2803 Seia
249 2759 298 2801 T.
327 2761 356 2801 f.
386 2760 646 2801 Marcellina
671 2760 754 2801 sibi
781 2766 826 2801 et
857 2763 860 2815 Ι
890 2761 1114 2803 Vibennio
1139 2763 1399 2803 Marcellino

1002 2832 1096 2874 filio
1133 2835 1136 2887 l
1173 2833 1279 2874 uiua
1311 2833 1476 2886 posuit.
1518 2836 1520 2886 l

126 2902 247 2954 quod
274 2901 421 2942 uoluit
449 2908 494 2942 et
521 2901 687 2954 potuit,
719 2901 840 2955 quod
868 2902 1020 2955 potuit
1047 2907 1093 2943 et
1120 2903 1278 2944 uoluit.
