<?xml version="1.0" encoding="UTF-8"?>
<!DOCTYPE html PUBLIC "-//W3C//DTD XHTML 1.0 Transitional//EN"
    "http://www.w3.org/TR/xhtml1/DTD/xhtml1-transitional.dtd">
<html xmlns="http://www.w3.org/1999/xhtml" xml:lang="en" lang="en">
 <head>
  <title>
</title>
<meta http-equiv="Content-Type" content="text/html;charset=utf-8" />
  <meta name='ocr-system' content='tesseract 3.04.00' />
  <meta name='ocr-capabilities' content='ocr_page ocr_carea ocr_par ocr_line ocrx_word'/>
</head>
<body>
  <div class='ocr_page' id='page_1' title='image "./carminalatinaepi00engsuoft_0055.png"; bbox 0 0 1813 3266; ppageno 0'>
   <div class='ocr_carea' id='block_1_1' title="bbox 555 224 1596 257">
    <p class='ocr_par' dir='ltr' id='par_1_1' title="bbox 555 224 1596 257">
     <span class='ocr_line' id='line_1_1' title="bbox 555 224 1596 257; baseline -0.001 -4"><span class='ocrx_word' id='word_1_1' title='bbox 555 224 763 257; x_wconf 80' lang='lat' dir='ltr'>DACTYLI</span> <span class='ocrx_word' id='word_1_2' title='bbox 796 224 1081 256; x_wconf 77' lang='lat' dir='ltr'><strong>HEXAMETRI</strong></span> <span class='ocrx_word' id='word_1_3' title='bbox 1559 227 1596 252; x_wconf 69' lang='lat'>43</span> 
     </span>
    </p>
   </div>
   <div class='ocr_carea' id='block_1_2' title="bbox 67 364 1595 1056">
    <p class='ocr_par' dir='ltr' id='par_1_2' title="bbox 794 364 874 408">
     <span class='ocr_line' id='line_1_2' title="bbox 794 364 874 408; baseline 0 -15"><span class='ocrx_word' id='word_1_4' title='bbox 794 364 874 408; x_wconf 83' lang='lat'>152</span> 
     </span>
    </p>

    <p class='ocr_par' dir='ltr' id='par_1_3' title="bbox 73 447 1595 713">
     <span class='ocr_line' id='line_1_3' title="bbox 82 447 1591 501; baseline -0.001 -11"><span class='ocrx_word' id='word_1_5' title='bbox 82 448 172 490; x_wconf 84' lang='lat' dir='ltr'>Hic</span> <span class='ocrx_word' id='word_1_6' title='bbox 210 462 289 501; x_wconf 88' lang='lat' dir='ltr'>ego</span> <span class='ocrx_word' id='word_1_7' title='bbox 327 462 445 489; x_wconf 87' lang='lat' dir='ltr'>nunc</span> <span class='ocrx_word' id='word_1_8' title='bbox 482 447 603 489; x_wconf 90' lang='lat' dir='ltr'>iaceo</span> <span class='ocrx_word' id='word_1_9' title='bbox 640 449 842 490; x_wconf 84' lang='lat' dir='ltr'>Grattius</span> <span class='ocrx_word' id='word_1_10' title='bbox 870 450 875 501; x_wconf 70' lang='lat' dir='ltr'>l</span> <span class='ocrx_word' id='word_1_11' title='bbox 902 448 1055 489; x_wconf 64' lang='lat' dir='ltr'>infelix</span> <span class='ocrx_word' id='word_1_12' title='bbox 1077 448 1160 489; x_wconf 91' lang='lat' dir='ltr'>sub</span> <span class='ocrx_word' id='word_1_13' title='bbox 1184 447 1377 501; x_wconf 86' lang='lat' dir='ltr'>tegmine</span> <span class='ocrx_word' id='word_1_14' title='bbox 1400 453 1555 492; x_wconf 73' lang='lat' dir='ltr'>terrae,</span> <span class='ocrx_word' id='word_1_15' title='bbox 1587 451 1591 500; x_wconf 60' lang='grc' dir='ltr'>ζ</span> 
     </span>
     <span class='ocr_line' id='line_1_4' title="bbox 87 517 1591 572; baseline -0.002 -11"><span class='ocrx_word' id='word_1_16' title='bbox 87 519 228 561; x_wconf 87' lang='lat' dir='ltr'>barba</span> <span class='ocrx_word' id='word_1_17' title='bbox 264 518 466 572; x_wconf 88' lang='lat' dir='ltr'>deposita</span> <span class='ocrx_word' id='word_1_18' title='bbox 503 531 715 572; x_wconf 79' lang='lat' dir='ltr'><strong>peragens</strong></span> <span class='ocrx_word' id='word_1_19' title='bbox 757 520 761 572; x_wconf 79' lang='grc' dir='ltr'>Ι</span> <span class='ocrx_word' id='word_1_20' title='bbox 788 519 972 560; x_wconf 86' lang='lat' dir='ltr'>tertium</span> <span class='ocrx_word' id='word_1_21' title='bbox 995 524 1041 559; x_wconf 92' lang='lat' dir='ltr'>et</span> <span class='ocrx_word' id='word_1_22' title='bbox 1061 517 1354 560; x_wconf 89' lang='lat' dir='ltr'>uicensimum</span> <span class='ocrx_word' id='word_1_23' title='bbox 1377 531 1556 564; x_wconf 77' lang='lat' dir='ltr'>annum,</span> <span class='ocrx_word' id='word_1_24' title='bbox 1587 523 1591 571; x_wconf 48' lang='grc' dir='ltr'>ξ</span> 
     </span>
     <span class='ocr_line' id='line_1_5' title="bbox 80 588 1371 643; baseline -0.001 -13"><span class='ocrx_word' id='word_1_25' title='bbox 80 589 235 630; x_wconf 83' lang='lat' dir='ltr'>infelix</span> <span class='ocrx_word' id='word_1_26' title='bbox 262 588 442 642; x_wconf 81' lang='lat' dir='ltr'>indigne</span> <span class='ocrx_word' id='word_1_27' title='bbox 470 588 695 630; x_wconf 88' lang='lat' dir='ltr'>subiectus</span> <span class='ocrx_word' id='word_1_28' title='bbox 730 591 734 643; x_wconf 66' lang='grc' dir='ltr'>ξ</span> <span class='ocrx_word' id='word_1_29' title='bbox 769 590 922 630; x_wconf 83' lang='lat' dir='ltr'>acerbe</span> <span class='ocrx_word' id='word_1_30' title='bbox 951 594 1095 630; x_wconf 83' lang='lat' dir='ltr'>morte</span> <span class='ocrx_word' id='word_1_31' title='bbox 1124 588 1329 636; x_wconf 78' lang='lat' dir='ltr'>nefanda,</span> <span class='ocrx_word' id='word_1_32' title='bbox 1367 590 1371 642; x_wconf 80' lang='grc'>1</span> 
     </span>
     <span class='ocr_line' id='line_1_6' title="bbox 73 659 1595 713; baseline -0.001 -13"><span class='ocrx_word' id='word_1_33' title='bbox 73 659 246 700; x_wconf 88' lang='lat' dir='ltr'>occisus</span> <span class='ocrx_word' id='word_1_34' title='bbox 281 659 400 703; x_wconf 84' lang='lat' dir='ltr'>calce</span> <span class='ocrx_word' id='word_1_35' title='bbox 435 665 481 700; x_wconf 93' lang='lat' dir='ltr'>et</span> <span class='ocrx_word' id='word_1_36' title='bbox 514 659 720 700; x_wconf 87' lang='lat' dir='ltr'>manibus</span> <span class='ocrx_word' id='word_1_37' title='bbox 756 665 886 701; x_wconf 82' lang='lat' dir='ltr'>extra</span> <span class='ocrx_word' id='word_1_38' title='bbox 910 663 914 713; x_wconf 72' lang='grc' dir='ltr'>ξ</span> <span class='ocrx_word' id='word_1_39' title='bbox 938 659 1087 701; x_wconf 81' lang='lat' dir='ltr'>fatum</span> <span class='ocrx_word' id='word_1_40' title='bbox 1114 665 1346 713; x_wconf 82' lang='lat' dir='ltr'>protrusus</span> <span class='ocrx_word' id='word_1_41' title='bbox 1366 659 1412 699; x_wconf 87' lang='lat' dir='ltr'>in</span> <span class='ocrx_word' id='word_1_42' title='bbox 1431 659 1512 700; x_wconf 86' lang='lat' dir='ltr'>has</span> <span class='ocrx_word' id='word_1_43' title='bbox 1533 664 1595 699; x_wconf 88' lang='lat' dir='ltr'>te-</span> 
     </span>
    </p>

    <p class='ocr_par' dir='ltr' id='par_1_4' title="bbox 67 729 1594 1056">
     <span class='ocr_line' id='line_1_7' title="bbox 1376 729 1594 782; baseline -0.005 -12"><span class='ocrx_word' id='word_1_44' title='bbox 1376 729 1546 771; x_wconf 83' lang='lat' dir='ltr'>nebras.</span> <span class='ocrx_word' id='word_1_45' title='bbox 1588 732 1594 782; x_wconf 64' lang='grc' dir='ltr'>ζ</span> 
     </span>
     <span class='ocr_line' id='line_1_8' title="bbox 77 799 1395 855; baseline -0.001 -14"><span class='ocrx_word' id='word_1_46' title='bbox 77 800 160 841; x_wconf 86' lang='lat' dir='ltr'>hoc</span> <span class='ocrx_word' id='word_1_47' title='bbox 185 805 305 854; x_wconf 90' lang='lat' dir='ltr'>opto,</span> <span class='ocrx_word' id='word_1_48' title='bbox 334 800 521 841; x_wconf 90' lang='lat' dir='ltr'>moriare</span> <span class='ocrx_word' id='word_1_49' title='bbox 547 800 674 841; x_wconf 88' lang='lat' dir='ltr'>malis</span> <span class='ocrx_word' id='word_1_50' title='bbox 699 801 927 855; x_wconf 68' lang='lat' dir='ltr'>exlemplis</span> <span class='ocrx_word' id='word_1_51' title='bbox 953 800 1174 842; x_wconf 88' lang='lat' dir='ltr'>cruciatus</span> <span class='ocrx_word' id='word_1_52' title='bbox 1200 806 1245 841; x_wconf 89' lang='lat' dir='ltr'>et</span> <span class='ocrx_word' id='word_1_53' title='bbox 1268 799 1361 854; x_wconf 88' lang='lat' dir='ltr'>ipse</span> <span class='ocrx_word' id='word_1_54' title='bbox 1391 802 1395 853; x_wconf 58' lang='grc' dir='ltr'><em>ξ</em></span> 
     </span>
     <span class='ocr_line' id='line_1_9' title="bbox 71 870 1386 925; baseline 0 -14"><span class='ocrx_word' id='word_1_55' title='bbox 71 883 155 912; x_wconf 86' lang='lat' dir='ltr'>nec</span> <span class='ocrx_word' id='word_1_56' title='bbox 178 876 223 912; x_wconf 85' lang='lat' dir='ltr'>te</span> <span class='ocrx_word' id='word_1_57' title='bbox 247 884 366 912; x_wconf 88' lang='lat' dir='ltr'>nunc</span> <span class='ocrx_word' id='word_1_58' title='bbox 388 870 533 919; x_wconf 88' lang='lat' dir='ltr'>liceat,</span> <span class='ocrx_word' id='word_1_59' title='bbox 561 885 649 924; x_wconf 91' lang='lat' dir='ltr'>quo</span> <span class='ocrx_word' id='word_1_60' title='bbox 673 885 743 913; x_wconf 87' lang='lat' dir='ltr'>me</span> <span class='ocrx_word' id='word_1_61' title='bbox 772 874 776 925; x_wconf 72' lang='lat' dir='ltr'>l</span> <span class='ocrx_word' id='word_1_62' title='bbox 804 871 1004 925; x_wconf 86' lang='lat' dir='ltr'>priuasti,</span> <span class='ocrx_word' id='word_1_63' title='bbox 1031 872 1181 912; x_wconf 90' lang='lat' dir='ltr'>lumen</span> <span class='ocrx_word' id='word_1_64' title='bbox 1204 870 1354 911; x_wconf 89' lang='lat' dir='ltr'>uidere</span> <span class='ocrx_word' id='word_1_65' title='bbox 1382 873 1386 925; x_wconf 70' lang='grc' dir='ltr'>ξ</span> 
     </span>
     <span class='ocr_line' id='line_1_10' title="bbox 67 941 1312 995; baseline 0 -14"><span class='ocrx_word' id='word_1_66' title='bbox 67 946 121 982; x_wconf 72' lang='lat' dir='ltr'>et</span> <span class='ocrx_word' id='word_1_67' title='bbox 144 946 195 982; x_wconf 91' lang='lat' dir='ltr'>tu</span> <span class='ocrx_word' id='word_1_68' title='bbox 220 941 296 982; x_wconf 90' lang='lat' dir='ltr'>des</span> <span class='ocrx_word' id='word_1_69' title='bbox 318 955 485 995; x_wconf 89' lang='lat' dir='ltr'>poenas</span> <span class='ocrx_word' id='word_1_70' title='bbox 510 954 620 994; x_wconf 87' lang='lat' dir='ltr'>quas</span> <span class='ocrx_word' id='word_1_71' title='bbox 645 941 893 995; x_wconf 80' lang='lat' dir='ltr'>meruist[i][</span> <span class='ocrx_word' id='word_1_72' title='bbox 922 942 1126 984; x_wconf 79' lang='lat' dir='ltr'>defensus</span> <span class='ocrx_word' id='word_1_73' title='bbox 1150 941 1312 994; x_wconf 84' lang='lat' dir='ltr'>inique.</span> 
     </span>
     <span class='ocr_line' id='line_1_11' title="bbox 81 1025 1319 1056; baseline 0 -4"><span class='ocrx_word' id='word_1_74' title='bbox 81 1025 161 1053; x_wconf 91' lang='lat' dir='ltr'>uos</span> <span class='ocrx_word' id='word_1_75' title='bbox 192 1025 310 1053; x_wconf 87' lang='lat' dir='ltr'>nunc</span> <span class='ocrx_word' id='word_1_76' title='bbox 341 1026 446 1053; x_wconf 89' lang='lat' dir='ltr'>cons</span> <span class='ocrx_word' id='word_1_77' title='bbox 508 1045 1319 1056; x_wconf 91' lang='grc'><strong>............</strong></span> 
     </span>
    </p>
   </div>
   <div class='ocr_carea' id='block_1_3' title="bbox 66 1136 1600 1721">
    <p class='ocr_par' dir='ltr' id='par_1_5' title="bbox 67 1136 1600 1427">
     <span class='ocr_line' id='line_1_12' title="bbox 158 1136 1599 1191; baseline 0 -13"><span class='ocrx_word' id='word_1_78' title='bbox 158 1141 261 1180; x_wconf 81' lang='lat' dir='ltr'>Not.</span> <span class='ocrx_word' id='word_1_79' title='bbox 295 1140 334 1179; x_wconf 91' lang='lat' dir='ltr'>d.</span> <span class='ocrx_word' id='word_1_80' title='bbox 369 1153 425 1179; x_wconf 88' lang='lat' dir='ltr'>sc.</span> <span class='ocrx_word' id='word_1_81' title='bbox 462 1151 565 1191; x_wconf 88' lang='lat'>1900</span> <span class='ocrx_word' id='word_1_82' title='bbox 596 1153 636 1190; x_wconf 88' lang='lat' dir='ltr'>p.</span> <span class='ocrx_word' id='word_1_83' title='bbox 671 1141 749 1191; x_wconf 85' lang='lat'>578</span> <span class='ocrx_word' id='word_1_84' title='bbox 781 1140 845 1178; x_wconf 90' lang='lat' dir='ltr'>ed.</span> <span class='ocrx_word' id='word_1_85' title='bbox 880 1136 1013 1177; x_wconf 86' lang='lat' dir='ltr'>Gatti.</span> <span class='ocrx_word' id='word_1_86' title='bbox 1180 1140 1333 1178; x_wconf 85' lang='lat' dir='ltr'>tabula</span> <span class='ocrx_word' id='word_1_87' title='bbox 1364 1152 1599 1178; x_wconf 86' lang='lat' dir='ltr'>marmorea</span> 
     </span>
     <span class='ocr_line' id='line_1_13' title="bbox 74 1197 1515 1250; baseline -0.001 -12"><span class='ocrx_word' id='word_1_88' title='bbox 74 1198 146 1238; x_wconf 89' lang='lat' dir='ltr'>uia</span> <span class='ocrx_word' id='word_1_89' title='bbox 166 1198 329 1238; x_wconf 85' lang='lat' dir='ltr'>Salaria</span> <span class='ocrx_word' id='word_1_90' title='bbox 348 1206 529 1250; x_wconf 88' lang='lat' dir='ltr'>reperta,</span> <span class='ocrx_word' id='word_1_91' title='bbox 552 1199 863 1249; x_wconf 86' lang='lat' dir='ltr'>praescriptum</span> <span class='ocrx_word' id='word_1_92' title='bbox 883 1198 932 1236; x_wconf 94' lang='lat' dir='ltr'>P.</span> <span class='ocrx_word' id='word_1_93' title='bbox 957 1197 1139 1236; x_wconf 81' lang='lat' dir='ltr'>Grattius</span> <span class='ocrx_word' id='word_1_94' title='bbox 1161 1197 1233 1249; x_wconf 74' lang='lat' dir='ltr'>Sp.</span> <span class='ocrx_word' id='word_1_95' title='bbox 1257 1199 1286 1246; x_wconf 81' lang='lat' dir='ltr'>j.</span> <span class='ocrx_word' id='word_1_96' title='bbox 1310 1198 1381 1237; x_wconf 85' lang='lat' dir='ltr'>col.</span> <span class='ocrx_word' id='word_1_97' title='bbox 1405 1198 1515 1237; x_wconf 83' lang='lat' dir='ltr'>celer.</span> 
     </span>
     <span class='ocr_line' id='line_1_14' title="bbox 72 1256 1598 1308; baseline 0 -12"><span class='ocrx_word' id='word_1_98' title='bbox 72 1257 310 1297; x_wconf 75' lang='lat' dir='ltr'>hexametri</span> <span class='ocrx_word' id='word_1_99' title='bbox 328 1260 506 1308; x_wconf 89' lang='lat' dir='ltr'>paulum</span> <span class='ocrx_word' id='word_1_100' title='bbox 523 1257 801 1308; x_wconf 86' lang='lat' dir='ltr'>pessumdati.</span> <span class='ocrx_word' id='word_1_101' title='bbox 850 1269 1047 1296; x_wconf 91' lang='lat' dir='ltr'>numeros</span> <span class='ocrx_word' id='word_1_102' title='bbox 1066 1257 1277 1296; x_wconf 87' lang='lat' dir='ltr'>excedunt</span> <span class='ocrx_word' id='word_1_103' title='bbox 1299 1256 1480 1296; x_wconf 83' lang='lat' dir='ltr'>Grattius</span> <span class='ocrx_word' id='word_1_104' title='bbox 1499 1270 1538 1296; x_wconf 86' lang='lat' dir='ltr'>u.</span> <span class='ocrx_word' id='word_1_105' title='bbox 1563 1268 1598 1301; x_wconf 91' lang='lat'>1,</span> 
     </span>
     <span class='ocr_line' id='line_1_15' title="bbox 78 1315 1600 1367; baseline -0.001 -12"><span class='ocrx_word' id='word_1_106' title='bbox 78 1318 241 1355; x_wconf 81' lang='lat' dir='ltr'>tertium</span> <span class='ocrx_word' id='word_1_107' title='bbox 263 1321 298 1355; x_wconf 87' lang='lat' dir='ltr'>et</span> <span class='ocrx_word' id='word_1_108' title='bbox 320 1330 360 1356; x_wconf 93' lang='lat' dir='ltr'>u.</span> <span class='ocrx_word' id='word_1_109' title='bbox 387 1328 424 1362; x_wconf 89' lang='lat'>2,</span> <span class='ocrx_word' id='word_1_110' title='bbox 448 1317 617 1367; x_wconf 82' lang='lat' dir='ltr'>indigne</span> <span class='ocrx_word' id='word_1_111' title='bbox 640 1329 679 1355; x_wconf 95' lang='lat' dir='ltr'>u.</span> <span class='ocrx_word' id='word_1_112' title='bbox 705 1328 744 1365; x_wconf 82' lang='lat'>3,</span> <span class='ocrx_word' id='word_1_113' title='bbox 768 1316 962 1366; x_wconf 75' lang='lat' dir='ltr'>exemplis</span> <span class='ocrx_word' id='word_1_114' title='bbox 986 1328 1025 1354; x_wconf 93' lang='lat' dir='ltr'>u.</span> <span class='ocrx_word' id='word_1_115' title='bbox 1052 1325 1088 1364; x_wconf 82' lang='lat'>5.</span> <span class='ocrx_word' id='word_1_116' title='bbox 1175 1315 1360 1366; x_wconf 85' lang='lat' dir='ltr'>elogium</span> <span class='ocrx_word' id='word_1_117' title='bbox 1382 1323 1489 1366; x_wconf 92' lang='lat' dir='ltr'>puto</span> <span class='ocrx_word' id='word_1_118' title='bbox 1512 1329 1600 1354; x_wconf 85' lang='lat' dir='ltr'>esse</span> 
     </span>
     <span class='ocr_line' id='line_1_16' title="bbox 67 1374 1000 1427; baseline -0.001 -13"><span class='ocrx_word' id='word_1_119' title='bbox 67 1375 230 1427; x_wconf 53' lang='lat' dir='ltr'>‘pugilis</span> <span class='ocrx_word' id='word_1_120' title='bbox 257 1375 480 1414; x_wconf 87' lang='lat' dir='ltr'>cuiusdam</span> <span class='ocrx_word' id='word_1_121' title='bbox 510 1376 562 1414; x_wconf 93' lang='lat' dir='ltr'>ab</span> <span class='ocrx_word' id='word_1_122' title='bbox 592 1375 834 1414; x_wconf 84' lang='lat' dir='ltr'>aduersario</span> <span class='ocrx_word' id='word_1_123' title='bbox 863 1374 1000 1413; x_wconf 84' lang='lat' dir='ltr'>occisi.</span> 
     </span>
    </p>

    <p class='ocr_par' dir='ltr' id='par_1_6' title="bbox 66 1433 1598 1545">
     <span class='ocr_line' id='line_1_17' title="bbox 161 1433 1598 1485; baseline -0.001 -12"><span class='ocrx_word' id='word_1_124' title='bbox 161 1435 323 1473; x_wconf 72' lang='lat' dir='ltr'><strong><em>zbarba</em></strong></span> <span class='ocrx_word' id='word_1_125' title='bbox 339 1435 523 1485; x_wconf 80' lang='lat' dir='ltr'>deposita</span> <span class='ocrx_word' id='word_1_126' title='bbox 542 1434 566 1473; x_wconf 90' lang='lat' dir='ltr'>i.</span> <span class='ocrx_word' id='word_1_127' title='bbox 587 1448 621 1473; x_wconf 92' lang='lat' dir='ltr'>e.</span> <span class='ocrx_word' id='word_1_128' title='bbox 642 1441 873 1485; x_wconf 84' lang='lat' dir='ltr'>postquam</span> <span class='ocrx_word' id='word_1_129' title='bbox 890 1433 1083 1484; x_wconf 89' lang='lat' dir='ltr'>peruenit</span> <span class='ocrx_word' id='word_1_130' title='bbox 1104 1434 1157 1472; x_wconf 88' lang='lat' dir='ltr'>ad</span> <span class='ocrx_word' id='word_1_131' title='bbox 1176 1434 1379 1484; x_wconf 87' lang='lat' dir='ltr'>puberem</span> <span class='ocrx_word' id='word_1_132' title='bbox 1398 1440 1598 1477; x_wconf 77' lang='lat' dir='ltr'>aetatem.</span> 
     </span>
     <span class='ocr_line' id='line_1_18' title="bbox 66 1492 1498 1545; baseline -0.001 -13"><span class='ocrx_word' id='word_1_133' title='bbox 66 1507 163 1545; x_wconf 67' lang='lat' dir='ltr'>1qua</span> <span class='ocrx_word' id='word_1_134' title='bbox 188 1494 367 1532; x_wconf 86' lang='lat' dir='ltr'>barbam</span> <span class='ocrx_word' id='word_1_135' title='bbox 393 1494 538 1532; x_wconf 88' lang='lat' dir='ltr'>radere</span> <span class='ocrx_word' id='word_1_136' title='bbox 563 1493 716 1544; x_wconf 87' lang='lat' dir='ltr'>coepit,</span> <span class='ocrx_word' id='word_1_137' title='bbox 746 1493 897 1542; x_wconf 72' lang='lat' dir='ltr'>diende</span> <span class='ocrx_word' id='word_1_138' title='bbox 924 1492 1075 1543; x_wconf 70' lang='lat' dir='ltr'>uiginti</span> <span class='ocrx_word' id='word_1_139' title='bbox 1101 1500 1188 1532; x_wconf 87' lang='lat' dir='ltr'>tres</span> <span class='ocrx_word' id='word_1_140' title='bbox 1215 1492 1323 1534; x_wconf 82' lang='lat' dir='ltr'>uixit</span> <span class='ocrx_word' id='word_1_141' title='bbox 1353 1505 1498 1532; x_wconf 90' lang='lat' dir='ltr'>annos.</span> 
     </span>
    </p>

    <p class='ocr_par' dir='ltr' id='par_1_7' title="bbox 69 1552 1599 1721">
     <span class='ocr_line' id='line_1_19' title="bbox 79 1552 1596 1603; baseline -0.001 -12"><span class='ocrx_word' id='word_1_142' title='bbox 79 1562 102 1602; x_wconf 85' lang='lat'><strong>5</strong></span> <span class='ocrx_word' id='word_1_143' title='bbox 139 1559 324 1591; x_wconf 88' lang='lat' dir='ltr'>metrum</span> <span class='ocrx_word' id='word_1_144' title='bbox 363 1552 564 1591; x_wconf 81' lang='lat' dir='ltr'>restituas</span> <span class='ocrx_word' id='word_1_145' title='bbox 600 1553 670 1592; x_wconf 75' lang='lat' dir='ltr'>hoc</span> <span class='ocrx_word' id='word_1_146' title='bbox 705 1555 811 1603; x_wconf 84' lang='lat' dir='ltr'>opto,</span> <span class='ocrx_word' id='word_1_147' title='bbox 848 1552 1021 1590; x_wconf 80' lang='lat' dir='ltr'>moriare</span> <span class='ocrx_word' id='word_1_148' title='bbox 1060 1552 1179 1590; x_wconf 74' lang='lat' dir='ltr'><em>malis</em></span> <span class='ocrx_word' id='word_1_149' title='bbox 1215 1552 1461 1590; x_wconf 78' lang='lat' dir='ltr'>cruciatibus</span> <span class='ocrx_word' id='word_1_150' title='bbox 1496 1552 1596 1602; x_wconf 77' lang='lat' dir='ltr'>ipse.</span> 
     </span>
     <span class='ocr_line' id='line_1_20' title="bbox 242 1611 1599 1662; baseline -0.001 -12"><span class='ocrx_word' id='word_1_151' title='bbox 242 1612 266 1650; x_wconf 88' lang='grc'>8</span> <span class='ocrx_word' id='word_1_152' title='bbox 298 1618 395 1662; x_wconf 90' lang='lat' dir='ltr'>post</span> <span class='ocrx_word' id='word_1_153' title='bbox 428 1624 523 1650; x_wconf 83' lang='lat' dir='ltr'>cons</span> <span class='ocrx_word' id='word_1_154' title='bbox 546 1611 775 1661; x_wconf 87' lang='lat' dir='ltr'>uestigium</span> <span class='ocrx_word' id='word_1_155' title='bbox 796 1611 966 1650; x_wconf 85' lang='lat' dir='ltr'>litterae</span> <span class='ocrx_word' id='word_1_156' title='bbox 989 1624 1007 1649; x_wconf 85' lang='lat' dir='ltr'><em>c</em></span> <span class='ocrx_word' id='word_1_157' title='bbox 1031 1612 1096 1649; x_wconf 92' lang='lat' dir='ltr'>uel</span> <span class='ocrx_word' id='word_1_158' title='bbox 1122 1624 1155 1649; x_wconf 93' lang='lat' dir='ltr'>o.</span> <span class='ocrx_word' id='word_1_159' title='bbox 1235 1611 1372 1649; x_wconf 69' lang='lat' dir='ltr'>fuitne</span> <span class='ocrx_word' id='word_1_160' title='bbox 1395 1624 1468 1649; x_wconf 83' lang='lat' dir='ltr'>uos</span> <span class='ocrx_word' id='word_1_161' title='bbox 1492 1623 1599 1649; x_wconf 79' lang='lat' dir='ltr'>nunc</span> 
     </span>
     <span class='ocr_line' id='line_1_21' title="bbox 69 1670 956 1721; baseline 0.001 -12"><span class='ocrx_word' id='word_1_162' title='bbox 69 1670 255 1709; x_wconf 57' lang='lat' dir='ltr'>consocii</span> <span class='ocrx_word' id='word_1_163' title='bbox 281 1670 464 1709; x_wconf 84' lang='lat' dir='ltr'>lacrimis</span> <span class='ocrx_word' id='word_1_164' title='bbox 491 1670 678 1709; x_wconf 81' lang='lat' dir='ltr'>celebrate</span> <span class='ocrx_word' id='word_1_165' title='bbox 705 1670 956 1721; x_wconf 70' lang='lat' dir='ltr'>sepulcrum?</span> 
     </span>
    </p>
   </div>
   <div class='ocr_carea' id='block_1_4' title="bbox 71 1813 1443 2444">
    <p class='ocr_par' dir='ltr' id='par_1_8' title="bbox 71 1813 1443 2444">
     <span class='ocr_line' id='line_1_22' title="bbox 800 1813 881 1855; baseline 0 0"><span class='ocrx_word' id='word_1_166' title='bbox 800 1813 881 1855; x_wconf 84' lang='lat'>153</span> 
     </span>
     <span class='ocr_line' id='line_1_23' title="bbox 85 1894 1104 1949; baseline 0.001 -13"><span class='ocrx_word' id='word_1_167' title='bbox 85 1894 200 1936; x_wconf 86' lang='lat' dir='ltr'>Iulia</span> <span class='ocrx_word' id='word_1_168' title='bbox 224 1895 410 1941; x_wconf 89' lang='lat' dir='ltr'>Sidonia</span> <span class='ocrx_word' id='word_1_169' title='bbox 435 1895 560 1936; x_wconf 83' lang='lat' dir='ltr'>Felix</span> <span class='ocrx_word' id='word_1_170' title='bbox 590 1897 595 1949; x_wconf 86' lang='grc'>1</span> <span class='ocrx_word' id='word_1_171' title='bbox 626 1896 680 1937; x_wconf 93' lang='lat' dir='ltr'>de</span> <span class='ocrx_word' id='word_1_172' title='bbox 706 1895 884 1937; x_wconf 90' lang='lat' dir='ltr'>nomine</span> <span class='ocrx_word' id='word_1_173' title='bbox 911 1901 1104 1943; x_wconf 82' lang='lat' dir='ltr'>tanturn,</span> 
     </span>
     <span class='ocr_line' id='line_1_24' title="bbox 71 1965 1355 2020; baseline 0.001 -14"><span class='ocrx_word' id='word_1_174' title='bbox 71 1965 167 2014; x_wconf 65' lang='lat' dir='ltr'>«cui,</span> <span class='ocrx_word' id='word_1_175' title='bbox 200 1965 337 2013; x_wconf 76' lang='lat' dir='ltr'>nefas,</span> <span class='ocrx_word' id='word_1_176' title='bbox 371 1972 476 2007; x_wconf 89' lang='lat' dir='ltr'>ante</span> <span class='ocrx_word' id='word_1_177' title='bbox 505 1966 624 2007; x_wconf 89' lang='lat' dir='ltr'>diem</span> <span class='ocrx_word' id='word_1_178' title='bbox 659 1969 662 2020; x_wconf 70' lang='grc' dir='ltr'>Ι</span> <span class='ocrx_word' id='word_1_179' title='bbox 695 1972 912 2020; x_wconf 88' lang='lat' dir='ltr'>ruperunt</span> <span class='ocrx_word' id='word_1_180' title='bbox 941 1965 1133 2007; x_wconf 89' lang='lat' dir='ltr'>stemina</span> <span class='ocrx_word' id='word_1_181' title='bbox 1163 1967 1355 2019; x_wconf 67' lang='lat' dir='ltr'>Parlcae‚</span> 
     </span>
     <span class='ocr_line' id='line_1_25' title="bbox 72 2036 1443 2091; baseline 0.001 -14"><span class='ocrx_word' id='word_1_182' title='bbox 72 2048 221 2089; x_wconf 61' lang='lat' dir='ltr'>&gt;quam</span> <span class='ocrx_word' id='word_1_183' title='bbox 243 2050 416 2090; x_wconf 74' lang='lat' dir='ltr'>procus,</span> <span class='ocrx_word' id='word_1_184' title='bbox 446 2037 545 2084; x_wconf 89' lang='lat' dir='ltr'>heu,</span> <span class='ocrx_word' id='word_1_185' title='bbox 579 2039 583 2091; x_wconf 84' lang='grc'>1</span> <span class='ocrx_word' id='word_1_186' title='bbox 613 2037 784 2091; x_wconf 88' lang='lat' dir='ltr'>nuptiis</span> <span class='ocrx_word' id='word_1_187' title='bbox 810 2037 1051 2089; x_wconf 88' lang='lat' dir='ltr'>hymeneos</span> <span class='ocrx_word' id='word_1_188' title='bbox 1077 2036 1280 2090; x_wconf 66' lang='lat' dir='ltr'>conitigit</span> <span class='ocrx_word' id='word_1_189' title='bbox 1309 2036 1443 2089; x_wconf 86' lang='lat' dir='ltr'>ignes,</span> 
     </span>
     <span class='ocr_line' id='line_1_26' title="bbox 83 2105 1272 2161; baseline 0.002 -14"><span class='ocrx_word' id='word_1_190' title='bbox 83 2105 336 2160; x_wconf 86' lang='lat' dir='ltr'>ingemuere</span> <span class='ocrx_word' id='word_1_191' title='bbox 368 2109 373 2161; x_wconf 82' lang='grc'>1</span> <span class='ocrx_word' id='word_1_192' title='bbox 407 2121 561 2148; x_wconf 89' lang='lat' dir='ltr'>omnes</span> <span class='ocrx_word' id='word_1_193' title='bbox 590 2108 806 2160; x_wconf 88' lang='lat' dir='ltr'>Dryades,</span> <span class='ocrx_word' id='word_1_194' title='bbox 839 2107 1016 2149; x_wconf 88' lang='lat' dir='ltr'>doluere</span> <span class='ocrx_word' id='word_1_195' title='bbox 1044 2107 1230 2161; x_wconf 83' lang='lat' dir='ltr'>puellae,</span> <span class='ocrx_word' id='word_1_196' title='bbox 1267 2109 1272 2161; x_wconf 68' lang='grc' dir='ltr'><strong>ῑ</strong></span> 
     </span>
     <span class='ocr_line' id='line_1_27' title="bbox 71 2177 1074 2232; baseline 0.002 -15"><span class='ocrx_word' id='word_1_197' title='bbox 71 2181 132 2217; x_wconf 83' lang='lat' dir='ltr'>-et</span> <span class='ocrx_word' id='word_1_198' title='bbox 157 2177 326 2222; x_wconf 87' lang='lat' dir='ltr'>Lucina</span> <span class='ocrx_word' id='word_1_199' title='bbox 354 2177 464 2219; x_wconf 83' lang='lat' dir='ltr'>facis</span> <span class='ocrx_word' id='word_1_200' title='bbox 493 2178 694 2219; x_wconf 90' lang='lat' dir='ltr'>demerso</span> <span class='ocrx_word' id='word_1_201' title='bbox 722 2178 905 2232; x_wconf 76' lang='lat' dir='ltr'>lumilne</span> <span class='ocrx_word' id='word_1_202' title='bbox 934 2178 1074 2226; x_wconf 83' lang='lat' dir='ltr'>fleuit,</span> 
     </span>
     <span class='ocr_line' id='line_1_28' title="bbox 84 2246 1387 2303; baseline 0 -15"><span class='ocrx_word' id='word_1_203' title='bbox 84 2246 209 2300; x_wconf 85' lang='lat' dir='ltr'>uirgo</span> <span class='ocrx_word' id='word_1_204' title='bbox 240 2248 361 2301; x_wconf 90' lang='lat' dir='ltr'>quod</span> <span class='ocrx_word' id='word_1_205' title='bbox 391 2253 436 2289; x_wconf 88' lang='lat' dir='ltr'>et</span> <span class='ocrx_word' id='word_1_206' title='bbox 467 2248 629 2302; x_wconf 63' lang='lat' dir='ltr'>sollum</span> <span class='ocrx_word' id='word_1_207' title='bbox 658 2249 821 2303; x_wconf 88' lang='lat' dir='ltr'>pignus</span> <span class='ocrx_word' id='word_1_208' title='bbox 851 2249 1088 2302; x_wconf 76' lang='lat' dir='ltr'>fueratque</span> <span class='ocrx_word' id='word_1_209' title='bbox 1119 2250 1387 2303; x_wconf 69' lang='lat' dir='ltr'>parenltum.</span> 
     </span>
     <span class='ocr_line' id='line_1_29' title="bbox 73 2317 1360 2373; baseline 0.002 -16"><span class='ocrx_word' id='word_1_210' title='bbox 73 2317 364 2371; x_wconf 81' lang='lat' dir='ltr'>Memphidos</span> <span class='ocrx_word' id='word_1_211' title='bbox 394 2319 503 2360; x_wconf 87' lang='lat' dir='ltr'>haec</span> <span class='ocrx_word' id='word_1_212' title='bbox 532 2319 697 2373; x_wconf 79' lang='lat' dir='ltr'>fulerat</span> <span class='ocrx_word' id='word_1_213' title='bbox 727 2319 857 2361; x_wconf 89' lang='lat' dir='ltr'>diuae</span> <span class='ocrx_word' id='word_1_214' title='bbox 887 2319 1093 2361; x_wconf 85' lang='lat' dir='ltr'>sistratae</span> <span class='ocrx_word' id='word_1_215' title='bbox 1125 2319 1360 2373; x_wconf 60' lang='lat' dir='ltr'>saeerldos,</span> 
     </span>
     <span class='ocr_line' id='line_1_30' title="bbox 85 2386 1188 2444; baseline 0.003 -16"><span class='ocrx_word' id='word_1_216' title='bbox 85 2386 157 2428; x_wconf 87' lang='lat' dir='ltr'>hic</span> <span class='ocrx_word' id='word_1_217' title='bbox 185 2388 411 2430; x_wconf 89' lang='lat' dir='ltr'>tumulata</span> <span class='ocrx_word' id='word_1_218' title='bbox 437 2389 539 2431; x_wconf 86' lang='lat' dir='ltr'>silet</span> <span class='ocrx_word' id='word_1_219' title='bbox 572 2391 576 2444; x_wconf 84' lang='lat' dir='ltr'>l</span> <span class='ocrx_word' id='word_1_220' title='bbox 611 2395 792 2432; x_wconf 88' lang='lat' dir='ltr'>aeterno</span> <span class='ocrx_word' id='word_1_221' title='bbox 823 2404 1003 2432; x_wconf 90' lang='lat' dir='ltr'>munere</span> <span class='ocrx_word' id='word_1_222' title='bbox 1032 2390 1188 2432; x_wconf 87' lang='lat' dir='ltr'>somni.</span> 
     </span>
    </p>
   </div>
   <div class='ocr_carea' id='block_1_5' title="bbox 71 2504 1603 2970">
    <p class='ocr_par' dir='ltr' id='par_1_9' title="bbox 165 2504 1598 2557">
     <span class='ocr_line' id='line_1_31' title="bbox 165 2504 1598 2557; baseline 0.001 -16"><span class='ocrx_word' id='word_1_223' title='bbox 165 2504 335 2543; x_wconf 88' lang='lat' dir='ltr'>Recueil</span> <span class='ocrx_word' id='word_1_224' title='bbox 357 2505 410 2544; x_wconf 88' lang='lat' dir='ltr'>de</span> <span class='ocrx_word' id='word_1_225' title='bbox 426 2507 469 2544; x_wconf 89' lang='lat' dir='ltr'>la</span> <span class='ocrx_word' id='word_1_226' title='bbox 488 2519 571 2545; x_wconf 87' lang='lat' dir='ltr'>soc.</span> <span class='ocrx_word' id='word_1_227' title='bbox 595 2507 707 2545; x_wconf 85' lang='lat' dir='ltr'>arch.</span> <span class='ocrx_word' id='word_1_228' title='bbox 731 2507 782 2545; x_wconf 91' lang='lat' dir='ltr'>de</span> <span class='ocrx_word' id='word_1_229' title='bbox 804 2506 1083 2546; x_wconf 85' lang='lat' dir='ltr'>Constantine</span> <span class='ocrx_word' id='word_1_230' title='bbox 1106 2517 1210 2557; x_wconf 85' lang='lat'>1904</span> <span class='ocrx_word' id='word_1_231' title='bbox 1230 2519 1270 2556; x_wconf 90' lang='lat' dir='ltr'>p.</span> <span class='ocrx_word' id='word_1_232' title='bbox 1296 2517 1372 2557; x_wconf 87' lang='lat'>190</span> <span class='ocrx_word' id='word_1_233' title='bbox 1392 2506 1456 2544; x_wconf 92' lang='lat' dir='ltr'>ed.</span> <span class='ocrx_word' id='word_1_234' title='bbox 1480 2506 1598 2543; x_wconf 86' lang='lat' dir='ltr'>Vars.</span> 
     </span>
    </p>

    <p class='ocr_par' dir='ltr' id='par_1_10' title="bbox 71 2562 1602 2788">
     <span class='ocr_line' id='line_1_32' title="bbox 163 2562 1602 2616; baseline -0.001 -13"><span class='ocrx_word' id='word_1_235' title='bbox 163 2562 248 2603; x_wconf 88' lang='lat' dir='ltr'>AL.</span> <span class='ocrx_word' id='word_1_236' title='bbox 286 2563 436 2602; x_wconf 89' lang='lat' dir='ltr'>Plessis</span> <span class='ocrx_word' id='word_1_237' title='bbox 470 2564 534 2616; x_wconf 91' lang='lat'>67.</span> <span class='ocrx_word' id='word_1_238' title='bbox 701 2567 807 2604; x_wconf 89' lang='lat' dir='ltr'>stele</span> <span class='ocrx_word' id='word_1_239' title='bbox 840 2565 1022 2604; x_wconf 86' lang='lat' dir='ltr'>calcaria</span> <span class='ocrx_word' id='word_1_240' title='bbox 1053 2564 1209 2604; x_wconf 87' lang='lat' dir='ltr'>litteris</span> <span class='ocrx_word' id='word_1_241' title='bbox 1242 2564 1399 2603; x_wconf 89' lang='lat' dir='ltr'>saeculi</span> <span class='ocrx_word' id='word_1_242' title='bbox 1428 2564 1602 2602; x_wconf 89' lang='lat' dir='ltr'>secundi</span> 
     </span>
     <span class='ocr_line' id='line_1_33' title="bbox 72 2620 1600 2678; baseline 0.001 -20"><span class='ocrx_word' id='word_1_243' title='bbox 72 2632 169 2670; x_wconf 66' lang='lat' dir='ltr'>rep.</span> <span class='ocrx_word' id='word_1_244' title='bbox 204 2620 521 2662; x_wconf 77' lang='lat' dir='ltr'>constantinae.</span> <span class='ocrx_word' id='word_1_245' title='bbox 597 2624 907 2675; x_wconf 85' lang='lat' dir='ltr'>praescriptum</span> <span class='ocrx_word' id='word_1_246' title='bbox 932 2624 970 2663; x_wconf 88' lang='lat' dir='ltr'>d.</span> <span class='ocrx_word' id='word_1_247' title='bbox 999 2624 1063 2663; x_wconf 87' lang='lat' dir='ltr'>M.</span> <span class='ocrx_word' id='word_1_248' title='bbox 1085 2623 1312 2669; x_wconf 79' lang='lat' dir='ltr'>memoriae,</span> <span class='ocrx_word' id='word_1_249' title='bbox 1330 2623 1600 2678; x_wconf 76' lang='lat' dir='ltr'>subscriptum</span> 
     </span>
     <span class='ocr_line' id='line_1_34' title="bbox 78 2678 1598 2786; baseline 0.003 -71"><span class='ocrx_word' id='word_1_250' title='bbox 78 2678 222 2786; x_wconf 75' lang='lat' dir='ltr'>u((ixit)</span> <span class='ocrx_word' id='word_1_251' title='bbox 261 2680 417 2730; x_wconf 60' lang='lat' dir='ltr'>amnis)</span> <span class='ocrx_word' id='word_1_252' title='bbox 456 2681 648 2721; x_wconf 89' lang='lat' dir='ltr'><em>XVIIII</em></span> <span class='ocrx_word' id='word_1_253' title='bbox 684 2683 922 2733; x_wconf 83' lang='lat' dir='ltr'>m(ensibus)</span> <span class='ocrx_word' id='word_1_254' title='bbox 961 2683 986 2721; x_wconf 92' lang='lat' dir='ltr'><em>I</em></span> <span class='ocrx_word' id='word_1_255' title='bbox 990 2683 1013 2722; x_wconf 94' lang='lat' dir='ltr'><em>I</em></span> <span class='ocrx_word' id='word_1_256' title='bbox 1016 2683 1040 2721; x_wconf 91' lang='lat' dir='ltr'><em>I</em></span> <span class='ocrx_word' id='word_1_257' title='bbox 1045 2683 1068 2721; x_wconf 93' lang='lat' dir='ltr'><em>I</em></span> <span class='ocrx_word' id='word_1_258' title='bbox 1102 2682 1276 2733; x_wconf 82' lang='lat' dir='ltr'>d(2&#39;ebus)</span> <span class='ocrx_word' id='word_1_259' title='bbox 1316 2681 1466 2720; x_wconf 85' lang='lat' dir='ltr'><em>XIIII</em></span> <span class='ocrx_word' id='word_1_260' title='bbox 1501 2680 1598 2730; x_wconf 64' lang='lat' dir='ltr'>Mic)</span> 
     </span>
     <span class='ocr_line' id='line_1_35' title="bbox 71 2736 331 2788; baseline 0.012 -14"><span class='ocrx_word' id='word_1_261' title='bbox 71 2748 101 2774; x_wconf 86' lang='lat' dir='ltr'>.s</span> <span class='ocrx_word' id='word_1_262' title='bbox 121 2736 196 2787; x_wconf 84' lang='lat' dir='ltr'>ita)</span> <span class='ocrx_word' id='word_1_263' title='bbox 226 2737 331 2788; x_wconf 80' lang='lat' dir='ltr'>e(st).</span> 
     </span>
    </p>

    <p class='ocr_par' dir='ltr' id='par_1_11' title="bbox 72 2795 1603 2970">
     <span class='ocr_line' id='line_1_36' title="bbox 167 2795 1518 2850; baseline 0.001 -16"><span class='ocrx_word' id='word_1_264' title='bbox 167 2806 186 2834; x_wconf 94' lang='lat'>1</span> <span class='ocrx_word' id='word_1_265' title='bbox 210 2795 385 2836; x_wconf 83' lang='lat' dir='ltr'>Sidonia</span> <span class='ocrx_word' id='word_1_266' title='bbox 405 2798 560 2838; x_wconf 85' lang='lat' dir='ltr'>ultima</span> <span class='ocrx_word' id='word_1_267' title='bbox 578 2801 800 2850; x_wconf 87' lang='lat' dir='ltr'>producta.</span> <span class='ocrx_word' id='word_1_268' title='bbox 956 2812 978 2839; x_wconf 90' lang='lat'>2</span> <span class='ocrx_word' id='word_1_269' title='bbox 1002 2801 1116 2848; x_wconf 80' lang='lat' dir='ltr'>nefas</span> <span class='ocrx_word' id='word_1_270' title='bbox 1139 2799 1291 2839; x_wconf 86' lang='lat' dir='ltr'>ultima</span> <span class='ocrx_word' id='word_1_271' title='bbox 1312 2805 1518 2848; x_wconf 84' lang='lat' dir='ltr'>correpta.</span> 
     </span>
     <span class='ocr_line' id='line_1_37' title="bbox 72 2854 1603 2910; baseline 0.001 -18"><span class='ocrx_word' id='word_1_272' title='bbox 72 2866 148 2892; x_wconf 74' lang='lat' dir='ltr'>vex.</span> <span class='ocrx_word' id='word_1_273' title='bbox 176 2854 229 2894; x_wconf 74' lang='lat' dir='ltr'>cf.</span> <span class='ocrx_word' id='word_1_274' title='bbox 259 2857 306 2894; x_wconf 91' lang='lat' dir='ltr'>B.</span> <span class='ocrx_word' id='word_1_275' title='bbox 336 2865 520 2908; x_wconf 82' lang='lat'>1549,17.</span> <span class='ocrx_word' id='word_1_276' title='bbox 550 2859 708 2904; x_wconf 68' lang='lat'>12062.</span> <span class='ocrx_word' id='word_1_277' title='bbox 810 2860 983 2898; x_wconf 68' lang='lat' dir='ltr'>stamina</span> <span class='ocrx_word' id='word_1_278' title='bbox 1008 2872 1084 2910; x_wconf 87' lang='lat' dir='ltr'>pro</span> <span class='ocrx_word' id='word_1_279' title='bbox 1110 2859 1289 2897; x_wconf 81' lang='lat' dir='ltr'>stamina</span> <span class='ocrx_word' id='word_1_280' title='bbox 1314 2871 1368 2895; x_wconf 84' lang='lat' dir='ltr'>ex</span> <span class='ocrx_word' id='word_1_281' title='bbox 1392 2857 1603 2895; x_wconf 86' lang='lat' dir='ltr'>uocabulo</span> 
     </span>
     <span class='ocr_line' id='line_1_38' title="bbox 74 2914 1603 2970; baseline 0.001 -19"><span class='ocrx_word' id='word_1_282' title='bbox 74 2925 233 2962; x_wconf 80' lang='lat' dir='ltr'>graeco</span> <span class='ocrx_word' id='word_1_283' title='bbox 279 2926 317 2964; x_wconf 90' lang='lat' dir='ltr'>q.</span> <span class='ocrx_word' id='word_1_284' title='bbox 366 2927 401 2953; x_wconf 89' lang='lat' dir='ltr'>e.</span> <span class='ocrx_word' id='word_1_285' title='bbox 435 2914 612 2967; x_wconf 83' lang='grc' dir='ltr'><em>στήμων,</em></span> <span class='ocrx_word' id='word_1_286' title='bbox 644 2917 781 2957; x_wconf 79' lang='lat' dir='ltr'>forma</span> <span class='ocrx_word' id='word_1_287' title='bbox 813 2921 883 2970; x_wconf 82' lang='grc' dir='ltr'>τῆς</span> <span class='ocrx_word' id='word_1_288' title='bbox 900 2921 1054 2969; x_wconf 79' lang='grc' dir='ltr'><em>κοινῆς.</em></span> <span class='ocrx_word' id='word_1_289' title='bbox 1223 2928 1246 2965; x_wconf 81' lang='lat'>3</span> <span class='ocrx_word' id='word_1_290' title='bbox 1277 2928 1399 2968; x_wconf 87' lang='lat' dir='ltr'>quam</span> <span class='ocrx_word' id='word_1_291' title='bbox 1429 2914 1603 2954; x_wconf 88' lang='lat' dir='ltr'>coniun-</span> 
     </span>
    </p>
   </div>
  </div>
 </body>
</html>
