1813 3266
602 284 810 319 DACTYLI
843 285 1067 318 ELEGIACI
1562 289 1600 315 93

72 416 192 453 uelut
229 414 354 453 hodie
377 419 527 452 contra
539 415 650 452 hunc
664 415 860 452 morbum
872 415 1025 464 uulgus
1038 415 1117 452 hoc
1130 415 1364 453 remedium
1377 415 1581 455 adtulisse
1587 428 1594 461 ;

75 475 115 523 3)
145 473 336 524 quisquis
361 473 525 523 nigram
548 474 736 523 puellam
761 479 891 517 amat,
919 480 1034 511 amat
1062 473 1224 523 aliquid
1247 480 1340 512 tam
1364 473 1449 511 uile
1469 487 1598 523 quam

69 534 289 577 carbones;
311 532 475 570 confert
499 532 675 570 Phaedr.
700 533 748 576 V,
771 532 838 576 6‚6
858 532 1082 577 carbonem,
1108 537 1148 570 ut
1168 533 1287 570 aiunt
1316 536 1388 583 pro
1411 533 1596 571 thesauro

71 592 326 630 ‘inuenimzts
414 603 595 641 quarum
617 590 1021 640 interpretationum
1044 592 1161 629 nulla
1184 591 1286 629 mihi
1309 593 1461 641 placet.
1483 592 1597 630 haud

77 650 162 689 scio
187 664 241 688 an
261 650 487 700 legendum
509 649 563 687 sit
588 650 704 699 nigra
729 649 882 688 ultima
904 650 1114 700 producta
1136 663 1234 688 cum
1256 651 1466 688 uocabulo
1498 665 1536 702 q.
1560 664 1594 688 e.

75 722 185 747 mora
226 709 499 758 iungendum,
530 708 593 746 ita
626 714 673 746 ut
705 709 918 746 sententia
950 708 1018 746 sit:
1059 708 1251 759 quisquis
1276 715 1392 747 amat
1419 709 1595 759 nigram,

74 768 246 806 omnino
276 767 469 818 perditus
506 772 584 813 est;
619 767 692 806 sed
718 781 807 817 ego,
835 780 933 806 cum
960 767 1078 817 nigra
1105 781 1223 806 mora
1249 767 1388 813 uideo,
1415 768 1597 806 libenter

70 827 152 865 edo
192 826 217 865 i.
257 840 290 865 e.
333 827 521 876 puellam
547 825 711 876 nigram
738 840 789 864 ne
816 840 955 865 amem
987 839 1131 871 caueo;
1162 840 1280 864 mora
1307 832 1453 865 autem
1479 826 1598 877 nigra

73 899 226 936 nempe
266 891 436 923 matura
466 884 648 923 libenter
683 885 773 923 edo.
863 886 978 935 nigra
1009 898 1046 923 u.
1076 897 1096 923 2
1123 891 1258 924 metro
1283 885 1422 924 minus
1447 891 1598 935 aptum

72 950 248 995 propter
272 944 560 983 deformatum
585 944 703 982 uedeo
735 963 776 975 z
807 945 875 982 edo
902 944 993 982 fieri
1019 957 1141 994 posse
1165 950 1212 982 ut
1232 944 1445 995 scripserit
1469 950 1598 994 poeta

68 1006 208 1043 credo.
249 1017 302 1041 an
330 1003 626 1052 corrigendum
660 1003 776 1053 nigra
812 1008 851 1041 at
886 1016 976 1040 cnm
1014 1004 1150 1043 m'deo?

791 1144 877 1195 284

72 1240 312 1282 Contineat
345 1253 518 1294 semper
550 1239 707 1281 florere
739 1240 916 1287 Sabina,

73 1311 315 1359 contineat,
349 1312 353 1365 1
383 1310 551 1352 formae
577 1310 723 1366 sisque

155 1441 255 1478 Not.
294 1439 332 1477 d.
372 1451 427 1477 sc.
470 1450 572 1489 1910
597 1451 636 1489 p.
664 1450 743 1489 407
768 1439 831 1477 ed.
859 1439 1014 1489 Spano.
1185 1438 1381 1489 Pompeis
1417 1439 1595 1491 graphio

71 1497 292 1548 scriptum.
380 1497 592 1536 distichon
619 1497 755 1535 facere
778 1497 960 1536 uoluisse
984 1497 1056 1548 qui
1078 1498 1247 1548 scripsit
1270 1503 1389 1548 puto.
1469 1499 1596 1537 hexa-

76 1563 212 1595 metro
240 1557 357 1596 deest
393 1569 467 1607 pes
494 1569 615 1595 unus.

158 1627 178 1654 Ι
213 1616 417 1655 contineat
447 1617 588 1664 florere
625 1616 832 1666 scripturn
861 1622 968 1666 puto
1005 1629 1080 1666 pro
1108 1617 1311 1655 contineat
1341 1618 1482 1667 florem
1507 1617 1595 1657 scil.

70 1676 277 1721 iuuentae,
311 1675 337 1713 i.
369 1688 402 1713 e.
438 1678 576 1725 pergat
607 1680 763 1727 semper
793 1675 950 1724 florere.
1120 1686 1141 1713 2
1171 1688 1236 1714 ex.
1267 1675 1406 1714 fuitne
1442 1676 1595 1724 formae

72 1734 208 1785 sisque
248 1732 367 1781 [mihi
403 1734 589 1772 eximiae.

793 1863 875 1915 285

75 1959 122 2002 Si
155 1959 253 2012 quis
283 1973 374 2000 non
404 1959 551 2012 uidi(t)
587 1961 815 2007 Venerem,
852 1973 988 2012 quam
1036 1992 1043 2000 .
1109 1992 1116 2000 .
1181 1992 1190 2000 .
1256 1993 1264 2001 .

249 2029 452 2084 pupa(m)
485 2030 664 2084 mea(m)
698 2029 896 2084 aspiciat,
927 2029 1029 2071 talis
1057 2034 1103 2070 et
1130 2044 1153 2071 c
1185 2063 1193 2070 .
1259 2063 1265 2070 .

159 2157 260 2200 CIL.
286 2160 347 2197 IV
368 2158 472 2208 6842
497 2158 626 2197 deser.
678 2160 790 2197 Mau.
960 2157 1156 2208 Pompeis
1176 2157 1353 2208 graphio
1375 2157 1595 2208 scriptum.

76 2216 121 2254 in
152 2216 239 2255 fine
271 2216 500 2256 tectorium
532 2216 669 2267 periit.

160 2287 180 2313 1
200 2288 263 2314 ex.
295 2282 392 2326 post
410 2289 532 2328 quam
548 2289 636 2314 esse
651 2276 818 2314 litteras
836 2289 889 2314 na
907 2277 973 2314 uel
992 2276 1069 2326 pin
1086 2281 1209 2314 notat
1227 2278 1328 2314 Mau
1348 2278 1468 2315 Rom.
1483 2275 1596 2316 Mitt.

82 2335 183 2385 1908
230 2347 270 2385 p.
321 2335 397 2384 263
445 2335 746 2386 suppleuitque
774 2348 896 2387 quam
941 2335 1080 2386 pinxit
1107 2335 1284 2386 Apelles.
1480 2346 1502 2373 2
1531 2348 1595 2373 ex.

75 2393 172 2431 talis
198 2397 233 2432 et
257 2393 330 2432 illa
356 2394 454 2432 nitet
479 2394 701 2444 proposuit
725 2396 838 2433 Mau.

795 2523 880 2565 286

270 2650 278 2657 .
457 2650 464 2657 .
770 2618 915 2659 dolete
944 2619 1128 2672 puellae,

252 2687 478 2742 pedi}[cat]
630 2721 637 2728 .
815 2722 821 2729 .
849 2702 991 2730 cunne
1021 2689 1221 2742 superbe,
1256 2689 1355 2730 uale

81 2757 335 2810 Ampliatus
376 2757 509 2798 toties

229 2931 236 2938 .
298 2898 461 2940 scribet
488 2898 621 2940 toties
650 2899 774 2941 uenit

255 2969 338 3010 hoc
370 2983 546 3022 quoque
575 2969 746 3011 fututui
776 2969 893 3012 futui
