1813 3266
618 259 825 291 DACTYLI
856 257 1080 291 ELEGIACI
1558 258 1571 282 1
1579 258 1592 281 1
1601 256 1617 281 7>

813 393 895 435 352

96 482 195 520 Hoc
221 479 336 519 iacet
362 478 408 518 in
435 478 608 519 tumulo
635 483 811 519 sacrata
841 480 845 531 Ι
878 478 1065 530 Georgia
1093 477 1251 519 Christi

268 555 313 590 et
340 549 496 589 diuota
527 550 530 602 Ι
562 549 690 590 bonis
718 554 878 596 mente,
908 548 1010 592 fide,
1042 548 1212 588 merito.
1248 553 1251 601 l

98 621 159 662 ob
198 634 336 674 quarn
373 633 534 672 magna
571 625 747 672 patrem
771 622 774 674 Ι
804 624 1023 672 premeret
1060 632 1163 659 cum
1189 618 1323 659 turba
1350 620 1353 671 ξ
1382 632 1618 671 procorum

269 690 342 730 illa
369 690 504 730 deum
535 692 538 744 Ι
568 690 674 742 legit
699 690 889 731 feliciore
916 694 1026 729 toro.

180 820 280 860 CIL.
305 820 417 857 XIII
443 829 542 868 1491
566 832 617 856 ex
637 818 774 856 editis.
862 818 945 859 AL.
971 817 1249 856 Cholodniaki
1274 818 1376 865 1056
1399 831 1451 855 m.

99 877 248 928 cippus
269 876 484 916 arenarius
524 877 879 926 Augustonemeti
911 876 954 914 in
985 876 1159 914 ecclesia
1189 877 1228 915 S.
1247 876 1388 915 Cassii.
1451 875 1620 915 uidetur

97 936 279 987 periisse.
363 937 413 974 de
439 936 605 986 Georgia
631 936 682 974 cf.
700 936 867 985 Gregor.
895 935 1049 973 Turon.
1075 935 1146 973 lib.
1162 936 1205 973 in
1216 937 1316 985 glor.
1332 935 1620 973 confessorum

98 1009 135 1034 c.
193 1007 216 1044 3
244 1009 283 1045 p.
314 995 391 1046 768
420 997 484 1034 ed.
516 996 696 1033 Krusch.

183 1066 201 1092 1
232 1054 523 1105 expectaueris
553 1054 724 1092 Christo.
894 1065 914 1091 2
944 1053 968 1091 i.
1001 1054 1170 1091 deuota.
1257 1053 1338 1100 side
1354 1053 1506 1091 ultima
1526 1066 1620 1103 pro-

98 1117 240 1154 (lucta.

815 1288 897 1328 353

102 1371 188 1412 Hic
217 1371 377 1424 gemini
406 1373 564 1413 fratres
592 1373 753 1413 iunctis
784 1373 896 1413 dant
926 1373 1123 1412 membra
1152 1371 1372 1425 sepulcris:

274 1456 384 1495 quos
416 1444 562 1484 iunxit
596 1444 816 1484 meritum„
853 1443 1161 1496 conso[c]iauit
1194 1443 1367 1483 humus.

101 1513 294 1565 germine
323 1514 554 1555 barbarico
583 1514 690 1556 nati.
722 1514 799 1554 sed
827 1513 950 1554 fonte
978 1514 1119 1554 renati

273 1584 383 1624 dant
415 1585 586 1626 animas
617 1585 749 1625 coelo.
785 1585 895 1625 dant
925 1598 1004 1625 sua
1036 1585 1235 1625 membra
1266 1584 1370 1625 solo.

103 1654 285 1694 aduenit
313 1654 465 1708 fragile
494 1656 610 1709 patri
640 1670 742 1696 cum
770 1655 953 1707 coniuge
982 1655 1140 1697 luctus.

273 1726 455 1779 defungi
490 1727 611 1769 haud
644 1727 778 1767 dubie
810 1726 886 1783 qui
919 1727 1098 1767 uoluere
1131 1725 1263 1778 prius.

101 1795 179 1835 sed
212 1795 336 1836 dolor
367 1803 433 1837 est
465 1797 627 1838 nimius
659 1797 832 1838 Christo
865 1797 1122 1837 moderante
1154 1795 1371 1836 ferendus:

275 1868 419 1908 orbati
450 1882 539 1908 non
568 1874 685 1909 sunt,
719 1868 836 1908 dona
866 1867 1023 1907 dedere
1054 1867 1147 1907 deo.

187 1994 287 2035 CIL.
320 1997 433 2033 XIII
466 2008 568 2045 2402
600 2009 651 2033 ex
680 1995 856 2034 schedis.
945 1996 995 2032 de
1028 1994 1149 2033 Rossi
1179 1998 1307 2034 Inscr.
1330 1994 1473 2032 christ.
1507 1996 1550 2032 II
1580 2007 1619 2044 p.

103 2052 177 2090 261
217 2066 255 2091 n.
289 2065 324 2101 3.
413 2055 496 2096 AL.
539 2055 660 2092 Riese
691 2055 780 2093 661.
816 2053 1093 2093 Cholodniaki
1113 2054 1191 2103 624
1210 2067 1243 2091 c.
1412 2053 1493 2091 fuit
1514 2055 1622 2103 Lug-

101 2111 215 2150 duni.
303 2115 471 2152 saeculo
498 2116 533 2152 V
559 2116 624 2152 uel
654 2116 712 2152 VI
741 2113 947 2151 adtribuit
975 2113 1025 2151 de
1055 2112 1186 2150 Rossi.

185 2182 205 2208 2
251 2173 493 2211 concotz'auit
536 2173 657 2211 codd.
826 2184 848 2220 3
892 2173 999 2219 sonte
1042 2172 1133 2209 cod.
1183 2170 1479 2213 Bruxellensis,
1525 2172 1623 2218 sorte

102 2230 437 2270 Valentinianus
469 2232 693 2281 legendum
721 2232 828 2279 fonte
857 2231 943 2269 scil.
977 2230 1259 2280 baptismatis,
1428 2240 1449 2278 5
1480 2230 1624 2279 fragile

103 2289 194 2326 cod.
235 2291 378 2335 Brux.,
414 2291 537 2341 fugile
572 2291 660 2329 siue
696 2291 820 2339 sclgz'le
856 2291 1038 2333 Valent.;
1074 2290 1299 2339 legendum
1333 2289 1484 2339 fragili,
1508 2289 1622 2338 quod

104 2346 347 2387 Hirschfeld
374 2349 607 2400 proposuit.
639 2363 792 2388 nomen
818 2349 952 2399 patris
978 2350 1109 2386 latere
1136 2354 1292 2398 putant
1322 2349 1372 2386 de
1395 2347 1529 2393 Rossi,
1548 2350 1622 2389 Le—

104 2406 237 2444 blant.
325 2409 418 2458 pari
445 2410 535 2447 cod.
568 2412 695 2447 Brux.
864 2410 888 2446 6
914 2421 987 2459 qne
1013 2408 1104 2445 cod.
1137 2410 1263 2445 Brux.
1433 2419 1455 2457 7
1486 2407 1622 2445 nimus

103 2465 194 2502 cod.
242 2468 409 2505 Valent.
458 2482 510 2506 m.
560 2479 593 2505 2.

820 2641 904 2683 354

107 2723 192 2764 Hic
223 2725 404 2766 Damasi
437 2732 578 2768 mater
607 2727 755 2780 posuit
786 2726 1045 2779 Laur[entia
1076 2725 1305 2777 menrbffla.

108 2807 221 2847 quae
250 2794 336 2835 fuit
365 2796 410 2836 in
440 2798 566 2838 terris
596 2803 777 2838 centum
807 2797 952 2838 minus
985 2831 991 2837 .
1115 2830 1121 2836 .
1188 2797 1374 2848 [an]nos.

106 2865 337 2917 sexaginta
370 2866 451 2907 deo
485 2868 599 2908 uixit
632 2874 733 2921 post
766 2868 963 2920 foe[dera
996 2872 1162 2909 sancta.

107 2935 312 2987 progenie
343 2943 503 2989 quarta
532 2938 645 2978 uidit
676 2953 788 2991 quae
821 2940 970 2991 [regna
998 2937 1185 2990 piorum.
