1813 3266
569 242 778 276 DACTYLI
809 243 1097 276 HEXAMETRI
1557 243 1599 271 39

791 384 875 428 132

75 469 253 511 [Phoebe
279 467 380 510 beni
442 501 450 510 .
515 501 523 510 .
587 501 596 510 .

157 597 259 639 CIL.
289 598 350 635 IV
375 605 479 646 5125
507 596 638 635 deser.
667 598 779 636 Mau.
949 595 1145 647 Pompeis
1170 594 1347 646 graphio
1373 593 1594 644 seriptum.

74 656 121 694 >in
152 655 237 694 fine
267 655 496 694 tectorium
527 654 685 695 deficit.
772 655 994 694 exordium
1025 654 1274 694 hexametri.

156 714 247 753 beni
271 727 315 748 :⁴2
338 714 436 753 uem·
458 716 573 760 Mau,
594 713 668 753 sed
687 720 829 765 potest
850 714 981 753 etiam
1001 714 1129 753 fuisse
1149 714 1316 764 benigne
1339 745 1346 751 .
1408 744 1416 752 .
1477 743 1485 751 .

796 853 878 896 133

71 911 274 956 :Scribere
299 926 359 966 qu

157 1041 258 1083 CIL.
290 1042 351 1079 IV
378 1041 483 1092 7060
512 1041 642 1081 deser.
693 1044 805 1080 Mau.
976 1041 1183 1092 Pompeis.
1282 1042 1504 1081 exordium
1527 1042 1598 1082 he·-

67 1099 267 1139 xametri.

796 1241 879 1285 134

69 1323 191 1379 Quid
228 1324 334 1366 mihi
370 1339 473 1367 cum
533 1358 543 1368 .
607 1359 615 1367 .
679 1360 687 1368 .

156 1453 258 1497 CIL.
287 1455 348 1493 IV
371 1454 478 1505 4826
503 1454 634 1494 deser.
661 1456 774 1494 Mau.
944 1454 1140 1505 Pompeis
1164 1454 1209 1494 in
1233 1454 1394 1505 pariete
1419 1455 1596 1506 graphio

67 1511 292 1563 scriptum.
379 1514 626 1553 hexameter
658 1527 744 1552 non
777 1514 831 1553 ad
864 1513 996 1553 finem
1023 1514 1267 1564 perductus.

793 1655 873 1699 135

71 1736 176 1790 (En)
207 1737 451 1791 Hormonsa
478 1738 636 1780 domus
663 1739 844 1781 domino
870 1739 1123 1781 ueneranda
1147 1739 1312 1781 futura.

155 1865 257 1909 CIL.
284 1868 344 1905 IV
366 1866 471 1916 6885
504 1867 634 1907 deser.
660 1870 772 1907 Mau.
941 1880 1025 1919 rep.
1051 1867 1096 1906 in
1118 1867 1220 1906 uilla
1243 1867 1402 1907 rustica
1416 1867 1597 1918 regionis

69 1937 114 1975 q.
140 1925 180 1964 d.
219 1924 360 1965 Civita
394 1925 594 1966 GiuJiana
628 1940 740 1966 nune
773 1933 896 1966 extat
933 1926 1141 1977 Pompeis.
1218 1926 1459 1978 subscripta
1493 1934 1594 1968 sunt

73 1983 204 2022 uerba
226 1984 451 2033 quaedam,
476 1997 584 2035 quae
608 1999 692 2024 non
718 1985 936 2037 expediuit
963 1988 1075 2024 Mau.
1162 1986 1460 2025 hexametrum
1483 1986 1594 2037 prin-

67 2040 182 2092 cipio
212 2042 414 2083 mutilum
439 2044 656 2095 suppleuit
683 2047 795 2084 Mau.

792 2176 877 2229 136

67 2264 117 2309 'Si
144 2267 150 2320 Ι
176 2280 328 2320 presus
350 2268 508 2322 pueris,
534 2283 677 2323 poena
699 2270 870 2325 patiare
892 2284 1044 2313 neeese
1071 2272 1076 2326 Ι
1103 2276 1182 2313 est.

156 2394 257 2437 CIL.
287 2397 348 2434 IV
374 2397 480 2448 7038
507 2397 637 2437 deser.
666 2399 780 2438 Mau.
950 2399 1146 2450 Pompeis
1172 2399 1349 2451 pictum.
1379 2401 1595 2452 praeeedit

70 2455 282 2517 stereorari
310 2456 363 2494 ad
391 2468 554 2502 murum
580 2457 826 2508 progredere,
855 2458 1048 2509 sequitur
1075 2471 1186 2498 caue.

155 2524 180 2550 1.
210 2525 385 2562 prensus
466 2515 597 2557 fueris
680 2528 874 2568 poenam.

793 2659 876 2704 137

73 2734 177 2777 Hoc
198 2736 302 2779 uide
323 2739 427 2781 uide
452 2742 457 2795 Ι
483 2746 530 2781 et
551 2741 670 2792 uide,
694 2748 747 2784 ut
768 2744 928 2798 poslsis
950 2743 1081 2798 plura
1102 2744 1284 2799 uildere.

102 2921 110 2928 ·
156 2865 257 2907 CIL.
293 2868 404 2908 VIII
439 2868 566 2918 11683
600 2870 730 2910 deser.
765 2870 974 2912 Schmidt.
1143 2884 1226 2922 rep.
1261 2871 1431 2910 Thalae.
1466 2883 1592 2922 supra

76 2925 256 2963 trtulum
280 2926 429 2976 planta
453 2928 675 2978 quaedam,
701 2929 810 2969 infra
834 2931 1015 2981 phallus.
1102 2931 1155 2969 ad
1180 2929 1290 2969 oculi
1316 2929 1488 2980 maligni
1512 2929 1595 2968 fas—
