1845 3256
459 239 595 268 IAMBI
636 237 828 268 SENARH
931 236 1192 267 CHOLIAMBI
1546 232 1583 259 10

406 368 516 419 un]o
554 365 709 406 funere
749 366 838 406 duo
978 398 984 404 .
1109 398 1116 404 .
1242 397 1248 403 .
1610 373 1648 401 10

462 442 569 477 utus
610 436 730 476 filius
771 450 794 476 c

462 506 612 559 quiete
645 506 706 547 iui

460 579 642 630 p]otens
687 591 791 618 cum

145 696 245 737 CIL.
281 697 340 733 VI
375 695 505 745 36710
543 695 603 743 (z
626 694 771 743 30484)
809 691 989 730 contulit
1024 692 1211 731 Huelsen
1245 691 1359 741 quod
1378 697 1580 740 superest.

145 755 228 796 AL.
258 753 534 792 Cholodniaki
562 764 663 803 1357
689 766 728 802 p.
896 751 1181 801 fragmentum
1205 750 1378 788 tabulae
1405 762 1583 787 marmo-

64 826 157 851 reae
180 826 264 862 rep.
291 812 362 850 uia
385 812 597 854 Labicana
621 825 750 862 prope
774 810 843 849 SS.
872 810 985 848 Petri
1009 817 1049 849 et
1075 809 1304 848 Marcellini
1329 822 1439 846 nunc
1463 814 1581 846 extat

64 871 106 910 in
138 885 280 909 museo
314 870 562 921 Capitolino.
648 869 907 908 senariorum
938 869 1138 919 reliquiae
1170 881 1257 907 esse
1289 868 1499 906 uidentur.

66 931 276 981 quomodo
298 930 487 968 uersibus
510 929 741 968 diuiderem
764 942 870 978 quae
892 936 1129 978 supersunt,
1155 942 1236 966 non
1260 926 1361 965 mihi
1383 925 1581 976 persuasi.

794 1060 849 1112 64

241 1237 400 1290 quoius
434 1237 684 1289 desid[erio.

238 1308 361 1360 luget
397 1308 662 1360 conquaris
698 1307 818 1348 filius

145 1507 247 1548 CIL.
285 1508 349 1544 XI
383 1507 487 1555 5358
523 1507 651 1544 (lescr.
689 1508 916 1544 Bormann.
1004 1507 1086 1548 AL.
1124 1508 1401 1546 Cholodniaki
1434 1510 1507 1547 (ΠΙ
1543 1523 1577 1548 c.

223 1565 402 1615 Hispelli
434 1565 542 1615 lapis
575 1565 791 1603 calcarius.
830 1579 975 1604 uersus
1008 1565 1210 1605 iambicos
1244 1569 1310 1605 uel
1344 1568 1581 1606 trochaicos

68 1624 194 1662 fuisse
234 1624 445 1663 uidentur.
532 1624 746 1674 suppleuit
790 1627 1016 1664 Bormann.

795 1756 848 1808 65

67 1852 166 1890 Hoc
191 1855 259 1890 est
285 1850 447 1902 puella.
478 1864 616 1902 quam
642 1851 852 1904 dessicato
879 1853 1053 1905 corpori

66 1934 166 1961 rure
193 1920 355 1961 morari
383 1921 597 1961 destinas.

145 2036 245 2077 CIL.
292 2038 333 2073 X
378 2036 481 2085 2804
525 2036 653 2074 descr.
700 2039 947 2076 Mommsen.
1036 2038 1119 2080 AL.
1166 2039 1445 2078 Cholodniaki
1488 2042 1579 2079 810.

224 2107 308 2144 rep.
342 2094 531 2133 Puteolis
559 2102 678 2133 extat
710 2096 751 2133 in
783 2109 926 2134 museo
955 2097 1252 2147 Neapolitano,
1273 2099 1582 2149 praescriptum

67 2154 104 2191 d.
132 2154 193 2191 JI.
222 2153 372 2201 Ofiliae
398 2154 633 2204 ,implicitae
661 2155 742 2192 nix.
771 2168 866 2193 mm.
896 2157 1035 2194 XXII
1063 2170 1112 2194 m.
1141 2157 1258 2195 IIII.
1346 2171 1385 2196 u.
1417 2170 1433 2195 1
1462 2172 1580 2197 sena—

68 2211 165 2256 rius,
196 2223 217 2250 2
249 2211 426 2250 dimeter
454 2212 672 2251 iambicus.
703 2213 755 2252 cf.
788 2217 889 2252 Hor.
923 2215 1058 2265 Epod.
1094 2228 1234 2254 1—10.

148 2282 165 2308 1
200 2272 455 2321 archetypus
487 2271 636 2309 habuit
669 2276 769 2323 puer
799 2287 925 2324 quem.
1098 2286 1117 2312 2
1150 2274 1175 2313 i.
1210 2275 1307 2313 ruri.

67 2506 227 2554 Gelasi‚
263 2507 391 2548 uiuas
425 2511 481 2562 etl
521 2511 679 2552 ameris
715 2525 739 2551 a
773 2512 915 2553 nobis.

145 2621 245 2663 CIL.
283 2624 394 2660 XIII
433 2625 614 2673 10024202
651 2627 778 2665 (lescr.
819 2629 951 2666 Bohn.
1121 2632 1272 2668 anulus
1309 2643 1459 2669 aureus
1493 2644 1577 2680 rep.

64 2679 184 2728 Liege
207 2686 326 2718 extat
353 2683 567 2720 Bruxelles
598 2683 639 2721 in
665 2698 819 2723 museo.
872 2686 914 2724 in
939 2699 1033 2725 area
1056 2688 1208 2737 legitur
1235 2693 1337 2727 utere
1359 2690 1468 2737 felix.

790 2816 843 2869 67

64 2905 248 2957 Hospes,
295 2905 367 2957 qui
413 2906 584 2951 transis.
617 2908 646 2961 Ἡ
681 2922 784 2961 rogo
807 2923 860 2950 ne
884 2912 1242 2963 m[onu1nentum
1265 2913 1376 2965 hocM
1405 2918 1574 2965 tangas.
