1813 3266
704 199 983 230 COMMATICA
1551 202 1605 231 141

85 347 142 374 ne
171 334 176 387 Ι
205 337 303 373 tam
327 333 568 373 scelestum
593 331 833 372 discidium
858 332 1112 385 experiscar
1137 332 1322 373 diutius.
1365 334 1370 387 Ι

84 403 261 456 hospes,
289 403 356 443 ita
379 407 485 456 post
509 402 687 444 obitum
711 402 771 442 sit
795 402 890 443 tibe
921 408 1043 443 terra
1072 402 1196 445 leuis.

86 478 139 514 ut
157 478 210 514 tu
234 475 238 527 1
261 473 334 514 hic
353 473 465 514 nihil
484 472 677 520 laeseris,
700 478 781 513 aut
800 473 835 514 si
857 473 956 526 quis
975 473 1168 521 laeserit,

87 558 167 585 nec
189 544 362 597 superis
391 546 394 598 ξ
423 543 743 597 comprobetur
767 558 847 584 nec
871 543 1001 584 inferi
1026 543 1248 597 recipiant

84 619 132 655 et
156 614 218 655 sit
243 615 281 656 ei
309 619 431 655 terra
456 614 580 655 leuis.

167 742 269 784 CIL.
298 743 359 780 VI
386 751 491 793 7579
520 742 649 780 descr.
679 744 866 779 Henzen.
954 742 1037 782 AL.
1069 740 1349 780 Cholodniaki
1376 753 1439 792 73.

85 803 245 839 Romae
276 800 320 839 in
334 799 529 850 repositis
556 800 688 838 musei
711 799 1019 842 Lateranensis.
1043 800 1353 850 praescriptum
1373 801 1437 838 dis
1460 801 1606 839 „Uani-

84 860 157 897 bus
186 860 356 898 ilIeztiae
386 859 540 909 Soplzes
571 860 614 897 C.
647 860 846 897 Maenius
877 859 1036 897 Cimber
1065 860 1228 909 coniugi
1258 860 1540 897 sanctissimae
1570 864 1605 897 et

81 918 384 963 conseruatrici,
427 918 623 956 desiderio
667 919 839 969 spiritus
884 919 973 961 mei,
1017 931 1117 969 qnae
1162 918 1266 956 uixit
1308 931 1462 956 mecum
1504 932 1601 957 ann.

85 977 227 1016 XIIX
256 990 410 1016 menses
441 977 520 1015 III
551 977 636 1016 dics
668 978 805 1022 XIII,
838 977 942 1028 quod
975 978 1063 1015 uixi
1095 990 1185 1015 cum
1216 990 1261 1015 ecl
1293 978 1381 1015 sine
1412 977 1600 1029 querella.

161 1036 399 1074 locutiones
427 1049 448 1074 e
476 1035 650 1074 senariis
677 1041 720 1074 et
748 1042 1017 1086 pentametro
1049 1036 1103 1085 (u.
1135 1034 1175 1082 6)
1205 1042 1412 1086 receptae.

167 1106 186 1133 Ι
220 1095 361 1145 flagito
393 1095 530 1133 Ditem
562 1108 713 1145 nempe
744 1101 792 1133 ut
825 1094 1046 1144 coniugem
1077 1095 1241 1133 reddat.
1329 1094 1519 1134 senarius
1551 1095 1603 1133 fit

83 1166 225 1205 queror
253 1157 354 1205 aput
383 1155 534 1192 Manes
564 1158 598 1192 et
626 1154 763 1192 Ditem
791 1154 932 1203 flagito
963 1160 1035 1191 aut
1068 1167 1163 1191 uam
1193 1167 1301 1191 nunc
1331 1167 1472 1205 queror
1501 1157 1604 1205 aput

84 1213 234 1251 Manes
271 1217 306 1251 et
341 1213 494 1264 flagito.
663 1225 685 1251 2
723 1214 918 1263 expletur
955 1212 1156 1258 senariuS,
1196 1212 1230 1251 si
1268 1214 1400 1251 addas
1437 1212 1480 1251 in
1517 1212 1604 1251 fine

82 1275 220 1322 precor
261 1272 352 1310 sim.
520 1283 543 1321 3
586 1285 783 1310 numeros
825 1271 1026 1310 restituas
1068 1272 1256 1310 concorde
1300 1285 1453 1310 mecum
1498 1273 1603 1310 uixit

80 1331 246 1379 fatalem
271 1331 324 1370 ad
348 1331 466 1370 diem.
635 1331 659 1369 6
684 1331 742 1369 ita
768 1330 802 1368 si
826 1332 966 1371 tollas.
994 1337 1261 1381 pentameter
1286 1330 1436 1370 iustus.

82 1390 106 1428 8
131 1391 368 1428 clausulam
392 1389 619 1428 iambicam
644 1389 845 1428 restituas
871 1391 1071 1440 recipiant
1099 1391 1233 1437 inferi.

799 1590 881 1630 412

79 1697 178 1751 d(is)
300 1703 346 1739 et
518 1699 758 1752 M(anibus)

81 1768 318 1810 memoriae
353 1770 591 1822 aetern(ae)
635 1771 639 1824 J

81 1838 342 1880 Blandim’ae
377 1839 610 1881 Martiolae
645 1839 801 1893 puelae
836 1839 1234 1888 innocentissimae,

81 1922 194 1962 quae
214 1909 331 1951 uixit
355 1911 359 1964 Ι
385 1924 485 1951 ann.
511 1912 671 1953 XVIII
693 1925 750 1951 m.
774 1912 888 1952 VIII
910 1910 950 1951 d.
975 1915 1027 1959 V,

82 1980 317 2033 Pompeius
363 1982 367 2035 Ι
399 1980 585 2023 Catussa
624 1980 742 2022 ciues
781 1980 1012 2034 Sequanus
1051 1982 1208 2035 tecltor
1234 1981 1409 2033 coniugi
1436 1981 1601 2022 incom-
1631 2001 1650 2030 5

1317 2051 1503 2105 parabili
1537 2053 1542 2106 1

79 2126 125 2162 et
136 2121 218 2163 sibi
245 2121 568 2175 benignissime,
599 2136 712 2176 quae
736 2124 926 2177 melcum
947 2122 1063 2163 uixit
1076 2136 1144 2163 an.
1172 2127 1212 2166 V
1235 2137 1291 2163 m.
1307 2124 1371 2163 VI
1385 2122 1426 2163 d.
1444 2123 1604 2164 XVIII

79 2191 173 2232 sine
202 2191 278 2233 ula
307 2192 503 2234 criminis
533 2192 672 2234 sorde.

79 2262 178 2303 ujus
221 2263 226 2317 Ι
267 2262 350 2304 sibi
373 2268 418 2304 et
441 2263 616 2317 coniugi
639 2264 894 2317 ponendum
927 2264 1117 2318 culrauit
1151 2270 1196 2304 et
1226 2264 1309 2304 sub
1340 2263 1457 2304 ascia
1483 2264 1603 2305 dedi-

1313 2334 1459 2388 cauit}

79 2407 143 2451 tu,
165 2403 240 2456 qui
257 2403 375 2456 legis,
396 2404 510 2445 uade
525 2404 573 2445 in
589 2404 789 2458 Apolinis
811 2406 815 2459 1
836 2405 988 2447 lauari.

81 2474 200 2526 quod
221 2487 300 2527 ego
321 2487 423 2515 cum
443 2474 642 2529 coniuffge
661 2474 744 2515 feci
765 2475 935 2523 uellem,
958 2476 993 2516 si
1015 2475 1160 2517 adhuc
1180 2489 1367 2529 possem.
1629 2493 1673 2526 10

161 2602 263 2644 CIL.
307 2603 421 2640 XIII
465 2602 567 2653 1983
608 2597 1088 2642 contulit—kHirschield.
1267 2603 1417 2654 cippus
1448 2617 1606 2654 paruus

76 2660 233 2698 litterls
260 2660 420 2699 saeculi
446 2660 565 2699 tertii
591 2674 676 2711 rep.
707 2662 917 2711 Lugduni,
946 2662 1018 2700 ubi
1046 2669 1167 2701 extat
1197 2663 1239 2701 in
1268 2675 1424 2701 museo.

161 2731 185 2770 7
223 2732 357 2769 paene
397 2721 591 2758 clausula
629 2720 877 2758 hexametri.
1046 2733 1069 2771 9
1096 2721 1120 2759 i.
1164 2723 1273 2759 uade
1312 2722 1355 2759 in
1382 2721 1603 2771 Apollinis,

79 2777 166 2817 scil.
192 2778 382 2824 thermis,
409 2784 457 2817 ut
480 2778 646 2817 laueris.
702 2778 829 2817 fuisse
854 2779 1050 2828 Lugduni
1075 2781 1263 2818 thermas
1287 2780 1472 2830 Apollini
1490 2780 1605 2818 dedi-

80 2843 199 2874 catas
229 2850 395 2875 necesse
424 2843 488 2876 est
518 2843 565 2875 ut
595 2837 845 2876 constituas
933 2840 1047 2876 color
1062 2838 1283 2877 iambicus.
1459 2850 1507 2877 10
1525 2840 1603 2887 sec!

80 2908 155 2944 pro
180 2896 310 2942 facere
335 2897 403 2936 uel
430 2897 586 2946 fecisse.
